@comment{This file has been generated by Pybliographer}

@String{ sciam 	= "Scientific American"}
@String{ mit 	= "The MIT Press"}
@String{ vr 	= "Vision Research"}
@String{ cvgip-iu 	= "Computer Vision, Graphics, and Image Processing: Image Understanding"}
@String{ procnas 	= "Proc. Natl. Acad. Sci. USA"}
@String{ cgip 	= "Computer Graphics and Image Processing"}
@String{ spatialvis 	= "Spatial Vision"}
@String{ tins 	= "Trends in Neuroscience ({TINS})"}
@String{ springer 	= "Springer-Verlag"}
@String{ mit-addr 	= "Cambridge, MA"}
@String{ cvgip 	= "Computer Vision, Graphics, and Image Processing"}
@String{ ph 	= "Prentice Hall"}
@String{ unc-ch 	= "University of North Carolina at Chapel Hill"}
@String{ ap 	= "Academic Press"}
@String{ prletters 	= "Pattern Recognition Letters"}
@String{ josa-a 	= "Journal of the Optical Society of {A}merica {A}"}
@String{ psychrev 	= "Psychological Review"}
@String{ cs-unc 	= "Department of Computer Science, University of North Carolina at Chapel Hill"}
@String{ pami 	= "{IEEE} Transactions on Pattern Analysis and Machine Intelligence"}
@String{ ams 	= "American Mathematical Society"}
@String{ ieeetranscom 	= "{IEEE} Transactions on Communications"}
@String{ josa 	= "Journal of the Optical Society of {A}merica"}
@String{ lea-addr 	= "Hillsdale, New Jersey"}
@String{ lea 	= "Lawrence Erlbaum Associates"}

@InProceedings{Whitaker1994c,
  Author         = "Ross T. Whitaker and David T. Chen",
  Title          = "Embedded Active Surfaces for Volume Visualization",
  crossref       = "SPIE94",
}

@Manual{POVRay,
  Title          = "Persistence of Vision, Ray-Tracer",
  Address        = "http://www.povray.org",
}

@Book{Romeny1994,
  Editor         = "Baart M. ter Haar Romeny",
  Title          = "Geometry-Driven Diffusion in Computer Vision",
  Publisher      = "Kluwer Academic Publishers",
  year           = 1994,
}

@TechReport{Aisemberg,
  Author         = "G.O. Aisemberg",
  Title          = "http://www.lehman.cuny.edu/depts/biology/aisemberg/Bio268.html",
  Institution    = "Department of Biological Sciences. Lehman College,
                   City University of New York",
  year           = 1998,
}

@Article{Althof97,
  Author         = "R. J. Althof and M. G. J. Wind and J. T. Dobbins",
  Title          = "A rapid and automatic image registration algorithm
                   with subpixel accuracy",
  Journal        = "IEEE Transactions on Medical Imaging",
  Volume         = "16",
  Number         = "3",
  Pages          = "308-316",
  month          = "June",
  year           = 1997,
}

@InBook{Alvarez1994,
  Author         = "L. Alvarez and J.-M. Morel",
  Title          = "A Morphological Approach To Multiscale Analysis: From
                   Principles to Equations",
  Pages          = {229-254},
  Publisher      = "Kluwer Academic Publishers",
  year           = 1994,
  booktitle      = "Geometry-Driven Diffusion in Computer Vision",
}

@InProceedings{VoxelTraversal,
  Author         = "J. Amantides and A. Woo",
  Title          = "A Fast Voxel Traversal Algorithm for Ray Tracing",
  BookTitle      = "EUROGRAPHICS'87",
  Pages          = "3-10",
  Address        = "North Holland",
  Publisher      = "Elsevier Science Publication",
  year           = 1987,
}

@PhdThesis{AndresThese,
  Author         = "E. Andres",
  Title          = "Cercles discrets et rotations discretes",
  School         = "Universite Louis Pasteur ",
  Address        = "Strasbourg",
  year           = 1992,
}

@InProceedings{Francon,
  Author         = "E. Andres and P. Nehlig and J. Francon",
  Title          = "Supercover of Straight Lines, Planes and Triangles",
  BookTitle      = "Proc. 7th International Workshop Digital Geometry for
                   Computer Imagery",
  Volume         = "1347",
  Pages          = "243-253",
  Address        = "Montpellier, France",
  Publisher      = "Springer Verlag",
  year           = 1997,
}

@InProceedings{Angelini2002,
  Author         = {Angelini, E. and Imielinska, C. and Jin, J. and Laine,
                   A.},
  Title          = {Improving {S}tatistics for {H}ybrid {S}egmentation of
                   {H}igh-{R}esolution {M}ultichannel {I}mages},
  BookTitle      = {S{PIE} {M}edical {I}maging 2002},
  Address        = {San Diego},
  year           = 2002,
}

@Article{TreeOfLife,
  Author         = "University Arizona",
  Title          = "The tree of life, a representation of phylogenetic
                   relations",
  Journal        = "http://phylogeny.arizona.edu/tree/phylogeny.html",
  year           = 1998,
}

@InProceedings{Audette1999,
  Author         = "M. A. Audette and K. Siddiqi and T. M. Peters",
  Title          = "Level-Set Surface Segmentation and Fast Cortical Range
                   Image Tracking for Computing Intrasurgical
                   Derformations",
  BookTitle      = "Second International Conference on Medical Image
                   Computing and Computer-Assisted Intervention MICCAI'99",
  Series         = "Lecture Notes in Computer Science",
  Pages          = "788-797",
  Address        = "Cambridge, England",
  Publisher      = "Springer Verlag",
  year           = 1999,
}

@Book{Austern1999,
  Author         = "M. H. Austern",
  Title          = "Generic {P}rogramming and the {STL}:",
  Publisher      = "Addison-Wesley",
  Series         = "Professional Computing Series",
  year           = 1999,
}

@InProceedings{Ayala,
  Author         = "R. Ayala and E. Dominguez and A. R. Frances and A.
                   Quintero and J. Rubio",
  Title          = "On Surfaces in Digital Topology",
  BookTitle      = "5th International Workshop, Discrete Geometry for
                   Computer Imagery, DGCI'95",
  Series         = "Lecture Notes in Computer Science",
  Pages          = "271-276",
  Publisher      = "Springer Verlag",
  year           = 1995,
}

@InProceedings{Aylward96,
  Author         = "Stephen Aylward and Steve Pizer and Elizabeth Bullit
                   and David Everly",
  Title          = "Intensity ridge and widths for 3D object segmentation
                   and description",
  BookTitle      = "IEEE workshop on Mathematical Methods in Biomedical
                   Image Analysis ",
  year           = 1996,
}

@Article{Babaud86,
  Author         = "J. Babaud and A. P. Witkin and M. Baudin and R. O.
                   Duda",
  Title          = "Uniqueness of the Gaussian Kernel for Scale-Space
                   Filtering ",
  Journal        = "IEEE Transactions on Pattern Analysis and Machine
                   Intelligence",
  Volume         = "8",
  Number         = "1",
  Pages          = "26-33",
  month          = "January",
  year           = 1986,
}

@Book{Ball,
  Author         = "R. S. Ball",
  Title          = "A Treatise on the Theory of Screws",
  Publisher      = "Cambridge University Press",
  year           = 1998,
}

@InProceedings{Bansal1998,
  Author         = "R. Bansal and L. H. Staib and Z. Chen and A.
                   Rangarajan and J. Knisely and R. Nath and J. S. Duncan",
  Title          = "A Novel Approach for the Registration of 2D Portal and
                   3D CT Images for Treatment Setup Verification in
                   Radiotherapy",
  BookTitle      = "MICCAI'98 Medical Image Computing and
                   Computer-Assisted Intervention",
  Editor         = "W. M. Wells and A. Colchester and S. Delp",
  Series         = "Lecture Notes in Computer Science",
  Pages          = "1075-1086",
  Publisher      = "Springer Verlag",
  year           = 1998,
}

@Article{Bardinet1998,
  Author         = "E. Bardinet and L. D. Cohen and N. Ayache",
  Title          = "A Parametric Deformable Model to Fit Unstructured 3D
                   Data",
  Journal        = "Computer Vision and Image Understanding",
  Volume         = "71",
  Number         = "1",
  Pages          = "39-54",
  month          = "July",
  year           = 1998,
}

@Book{Beaumont1987,
  Author         = "A. Beaumont and P. Cassier",
  Title          = "Biologie Animale, Les Cords, Anatomie compare des
                   vertebres",
  Publisher      = "Dunod",
  Edition        = "6",
  year           = 1987,
}

@Book{Berestovskij1993,
  Author         = "V. N. Berestovskij and I. G. Nikilaev",
  Title          = "Multidimensional Generalised Riemannian Spaces",
  Publisher      = "Springer Verlag",
  Series         = "Enciclopaedia of Mathematical Sciences",
  year           = 1993,
}

@InProceedings{Berger1998,
  Author         = "M. Berger and G. Gerig",
  Title          = "Motion Measurements in Low-Contrast X-ray Imagery",
  BookTitle      = "MICCAI'98 Medical Image Computing and
                   Computer-Assisted Intervention",
  Editor         = "W. M. Wells and A. Colchester and S. Delp",
  Series         = "Lecture Notes in Computer Science",
  Pages          = "832-841",
  Publisher      = "Springer Verlag",
  year           = 1998,
}

@Article{Besl1992,
  Author         = "P. J. Besl and N. D. McKay",
  Title          = "A Method for Registration of 3-D Shapes",
  Journal        = "IEEE Transactions on Pattern Analysis and Machine
                   Intelligence",
  Volume         = "2",
  Number         = "14",
  Pages          = "239-256",
  month          = "February",
  year           = 1992,
}

@Article{Bischof1988,
  Author         = "W. F. Bischof and T. Caelli",
  Title          = "Parsing Scale-Space and Spatial Stability Analysis",
  Journal        = "Computer Vision, Graphics and Image Processing",
  Volume         = "42",
  Pages          = "192-205",
  year           = 1988,
}

@Article{Blankevoort1990,
  Author         = "L. Blankevoort and R. Huiskes and A. de Langue",
  Title          = "Helical axes of passive knee joint motions",
  Journal        = "Journal of Biomechanics",
  Volume         = "23",
  Pages          = "1219-1229",
  year           = 1990,
}

@PhdThesis{Bloch1990,
  Author         = "I. Bloch",
  Title          = "Reconnaissance de Formes Tridimensionnelles,
                   Application aux Molecules Chimiques",
  School         = "ENST-Paris",
  year           = 1990,
}

@Book{BloomFawcett,
  Author         = "Bloom and Fawcett",
  Title          = "A Texbook of Histology",
  Publisher      = "WB Sanders",
  Edition        = "eleventh",
  year           = 1986,
}

@Article{Bresenham1965,
  Author         = "J. E. Bresenham",
  Title          = "Algorithm for Computer Control of a Digital Plotter",
  Journal        = "IBM Systems J. ",
  Volume         = "4",
  Pages          = "25-30",
  year           = 1965,
}

@InProceedings{Bullitt1999b,
  Author         = "E. Bullitt and S. Aylward and L. Ibanez and A. Liu and
                   J. Capowski and S. Pizer",
  Title          = "Methods of Vascular Imaging: vascuolar trees from
                   intracerebral vessesls.",
  BookTitle      = "Biomedical Imaging Symposium: Visualizing the Future
                   of Biology and Medicine, NIH",
  year           = 1999,
  month          = "June",
}

@Article{Bullitt1999,
  Author         = "Elizabeth Bullitt and Alan Liu and Stephen Aylward and
                   C. Coffey and Jeff Stone and Suresh Mukherji and Keith
                   Muller and Steve Pizer",
  Title          = "Registration of 3D cerebral vessels with 2D digital
                   angiograms: Clinical evaluation.",
  Journal        = "Academic Radiology",
  year           = 1999,
}

@Article{Burckhardt2000,
  Author         = "K. Burckhardt and Ch. Gerber and J. Hodler and H.
                   Notzli and G. Sz\'{e}kely",
  Title          = "Precision of distance determination using 3D to 2D
                   projections: The error of migration measurements using
                   X-ray images",
  Journal        = "Medical Image Analysis",
  Volume         = "4",
  Pages          = "375-388",
  year           = 2000,
}

@Article{Burdin,
  Author         = "Valerie Burdin and F. Ghorbel and J.L. de Bougrenet
                   and C. Roux",
  Title          = "A three-dimensional primitive extraction of long bones
                   obtained from bi-dimensional Fourier Descriptors",
  Journal        = "Pattern Recognition Letters",
  Volume         = "13",
  Pages          = "213-217",
  year           = 1992,
}

@Book{NorkinLevangie,
  Author         = "Norkin C.C. and Levangie P.K.",
  Title          = "Joint Structure and Function",
  Publisher      = "Human Kinetics",
  year           = 1992,
}

@Article{Canny1986,
  Author         = "J. Canny",
  Title          = "A Computational Approach to Edge Detection",
  Journal        = "IEEE Transactions on Pattern Analysis and Machine
                   Intelligence",
  Volume         = "8",
  Number         = "6",
  Pages          = "679-689",
  month          = "November",
  year           = 1986,
}

@Article{Caplan,
  Author         = "A. I. Caplan and S. Koutroupas",
  Title          = "The control of muscle and cartilage development in the
                   chick limb: the role of differential vascularization ",
  Journal        = "J. Embryol. exp. Morph.",
  Volume         = "29",
  Number         = "3",
  Pages          = " 571-583",
  year           = 1973,
}

@InProceedings{Carrat2000,
  Author         = "L. Carrat and J. Tonetti and P. Merloz and J. Troccaz",
  Title          = "Percutaneous Computer Assisted Iliosacral Screwing:
                   Clinical Validation",
  BookTitle      = "International Conference on Medical Image Computing
                   and Computer-Assisted Intervention MICCAI'2000",
  Series         = "Lecture Notes in Computer Science",
  Pages          = "1227-1237",
  Address        = "Cambridge, England",
  Publisher      = "Springer Verlag",
  year           = 2000,
}

@Article{Castan1990,
  Author         = "S. Castan and J. Zhao and J. Shen",
  Title          = "New Edge Detection Method Based on Exponential Filter",
  Journal        = "ICPR-B",
  Pages          = "709-711",
  year           = 1990,
}

@Article{Caselles1997,
  Author         = "V. Caselles, R. Kimmel and G. Sapiro",
  Title          = "Geodesic Active Contours",
  Journal        = "International Journal on Computer Vision",
  Pages          = "61-97",
  Volume         = "22",
  Number         = "1",
  year           = 1997,
}

@Article{Chan1999,
	author =	"T. Chan and L. Vese",
	title =		"Active Contours without Edges",
	journal =	"IEEE Transactions on Image Processing",
	year =		1999,
	node =		"submitted"
}

@Book{Chandebois,
  Author         = "R. Chandebois",
  Title          = "Le gene et la forme, ou la demythification de l'ADN",
  Publisher      = "Spaces 34",
  year           = 1989,
}

@Book{Chui,
  Author         = "Ch. K. Chui",
  Title          = "Multivariate Splines",
  Publisher      = "Texas AM University",
  Series         = "CBMS-NSF Regional Conferences Series in Applied
                   Mathematics",
  Address        = "Philadelphia, Pennsilvania",
  year           = 1988,
}

@Article{Clark1989,
  Author         = "J. J. Clark",
  Title          = "Authenticating Edges Produced by Zero-Crossing
                   Algorithms",
  Journal        = "IEEE Transactinos on Pattern Analysis and Machine
                   Intelligence",
  Volume         = "11",
  Number         = "1",
  Pages          = "43-57",
  month          = "January",
  year           = 1989,
}

@InProceedings{Coatrieux,
  Author         = "J.L. Coatrieux",
  Title          = "Representation des vertebres",
  BookTitle      = "Forum de Jeunes Chercheurs",
  Address        = "Brest",
  year           = 1998,
}

@Book{Cohen1993,
  Author         = "D. Cohen",
  Title          = "Les genes de l'espoir. A la decouverte du gnome humain",
  Publisher      = "Rober Laffont",
  year           = 1993,
}

@Book{SpherePacking,
  Author         = "J. H. Convway and N. J. A. Sloane",
  Title          = "Sphere Packing Lattice and Groups",
  Publisher      = "Springer Verlag",
  Series         = "A Series of Comprehensive studies in Mathematics",
  year           = 1993,
}

@Book{Coxeter,
  Author         = "H. S. M. Coxeter",
  Title          = "Introduction to Geometry",
  Publisher      = "John Wiley and Sons",
  Edition        = "second",
  year           = 1969,
}

@InProceedings{Crisco1998,
  Author         = "J. J. Crisco and R. D. McGovern and S. W. Wolfe",
  Title          = "Three-Dimensional Joint Kinematics Using Bone Surface
                   Registration: A Computer Assisted Approach with an
                   Application to the Wrist Joint in vivo",
  BookTitle      = "MICCAI'98 Medical Image Computing and
                   Computer-Assisted Intervention",
  Editor         = "W. M. Wells and A. Colchester and S. Delp",
  Series         = "Lecture Notes in Computer Science",
  Pages          = "696-699",
  Publisher      = "Springer Verlag",
  year           = 1998,
}

@TechReport{Culver1999,
  Author         = "T. Culver",
  Title          = "Intrinsic scale for boundary representation of
                   two-dimensional objects",
  Institution    = "MIDAG, University of North Carolina at Chapel Hill",
  annote         = "http://www.cs.unc.edu/~culver",
  year           = 1999,
}

@InProceedings{Cyr2000,
  Author         = "C. M. Cyr and A. F. Kamal and T. B. Sebastian and B.
                   B. Kimia",
  Title          = "2D-3D Registration based on shape matching",
  BookTitle      = "Proceedings of the IEEE Workshop on Mathematical
                   Methods in Biomedical Image Analysis",
  Pages          = "198-203",
  year           = 2000,
  month          = "June",
}

@Article{DaeschlerShubin,
  Author         = "E.B. Daeschler and N. Shubin",
  Title          = "Fish with fingers ?",
  Journal        = "Nature",
  Volume         = "391",
  Number         = "133",
  month          = "Jan ",
  year           = 1998,
}

@Article{Danielsson1980,
  Author         = "P. E. Danielsson ",
  Title          = "Euclidean distance mapping ",
  Journal        = "Computer Graphics and Image Processing ",
  Volume         = "14 ",
  Pages          = "227--248 ",
  year           = 1980,
}

@Article{Deriche1990,
  Author         = "R. Deriche",
  Title          = "Fast Algorithms for Low Level Vision",
  Journal        = "IEEE Transactions on Pattern Analysis and Machine
                   Intelligence",
  Volume         = "12",
  Number         = "1",
  Pages          = "78-87",
  year           = 1990,
}

@TechReport{Deriche1993,
  Author         = "R. Deriche",
  Title          = "Recursively Implementing the Gaussian and its
                   Derivatives ",
  Institution    = "Unite de recherche INRIA Sophia-Antipolis",
  Number         = "1893",
  Note           = "Research Repport",
  month          = "avril",
  annote         = "http://www.inria.fr",
  year           = 1993,
}

@Book{Dijksman,
  Author         = "E. A. Dijksman",
  Title          = "Motion Geometry of Mechanics",
  Publisher      = "Cambridge University Press",
  year           = 1976,
}

@Book{Dougherty,
  Author         = "E. R. Dougherty",
  Title          = "Mathematical Morphology in Image Processing",
  Publisher      = "Marcel Dekker",
  Address        = "New York",
  year           = 1991,
}

@Book{MultidimensionalDSP,
  Author         = "D. E. Dudgeon and R. M. Mersereau",
  Title          = "Multidimensional Digital Signal Processing",
  Publisher      = "Prentice-Hall",
  Address        = "Englwood Cliffs NJ",
  year           = 1984,
}

@Book{Duffy1996,
  Author         = "J. Duffy",
  Title          = "Statics and Kinematics with Applications to Robotics",
  Publisher      = "Cambridge University Press",
  year           = 1996,
}

@InProceedings{Duta1999,
  Author         = "N. Duta and M. Sonka and A. K. Jain",
  Title          = "Learning Shape Models from Examples Using Automatic
                   Shape Clustering and Procrustes Analysis",
  BookTitle      = "Second International Conference on Medical Image
                   Computing and Computer-Assisted Intervention",
  Series         = "Lecture Notes in Computer Science",
  Pages          = "370-375",
  Address        = "Cambridge, England",
  Publisher      = "Springer Verlag",
  month          = "September",
  year           = 1999,
}

@Article{RimonBurdick2,
  Author         = "Rimon E. and Burdick J.W.",
  Title          = "Mobility of Bodies in Contact - Part 2: How Froces are
                   Generated by Curvature Effects",
  Journal        = "IEEE Transactions on Robotics and Automation",
  Volume         = "15",
  Number         = "5",
  Pages          = "709-717",
  month          = "October",
  year           = 1998,
}

@Book{Earnshaw1985,
  Author         = "R. A. Earnshaw",
  Title          = "Fundamental Algorithms for Computer Graphics",
  Publisher      = "Springer Verlag",
  year           = 1985,
}

@Book{ebe96,
  Author         = "D. Eberly",
  Title          = "Ridges in Image and Data Analysis",
  Publisher      = "Kluwer Academic Publishers",
  Address        = "Dordrecht",
  year           = 1996,
}

@Book{Eberly1996,
  Author         = "David Eberly",
  Title          = "Ridges in Image and Data Analysis",
  Publisher      = "Kluwer Academic Publishers",
  Address        = "Dordrecht",
  year           = 1996,
}

@Article{Elder1998,
  Author         = "J. H. Elder and S. W. Zucker",
  Title          = "Local Scale Control for Edge Detection and Blur
                   Estimation",
  Journal        = "IEEE Trans. on Pattern Analysis and Machine
                   Intelligence",
  Volume         = "20",
  Number         = "7",
  Pages          = "699-716",
  month          = "July",
  year           = 1998,
}

@Book{Elliot1982,
  Author         = "D. F. Elliot and K. R. Rao",
  Title          = "Fast Transforms, Algorithms, Analyses, Applications",
  Publisher      = "Academic Press",
  year           = 1982,
}

@Article{Emmeche1994,
  Author         = "C. Emmeche",
  Title          = "The Computational Notion of Life",
  Journal        = "Theoria - Segunda Epoca",
  Volume         = "9",
  Number         = "21",
  Pages          = "1-30",
  year           = 1994,
}

@Article{Emmeche,
  Author         = "C. Emmeche",
  Title          = "The computational notion of life",
  Journal        = "Theoria - Segunda Epoca",
  Volume         = "9",
  Number         = "21",
  Pages          = "1-30",
  year           = 1994,
}

@Book{Farin1990,
  Author         = "G. Farin",
  Title          = "Curves and Surfaces for Computer Aided Geometric
                   Design",
  Publisher      = "Academic Press",
  Series         = "Computer Science and Scientific Computing",
  Edition        = "2nd",
  year           = 1990,
}

@Article{Farouki1996,
  Author         = "R. Farouki",
  Title          = "The elastic bending energy of Pythagorean-hodograph
                   curves.",
  Journal        = "Computer Aided Geometric Design",
  Volume         = "13",
  Pages          = "227-241",
  year           = 1996,
}

@Article{Farouki1995,
  Author         = "R. Farouki and C.A. Neff ",
  Title          = "Hermite Interpolation by Pythagorean hodograph
                   quintics",
  Journal        = "Mathematics of Computation",
  Volume         = "64",
  Number         = "212",
  Pages          = "1589-1609",
  year           = 1995,
}

@InProceedings{Reveilles3D,
  Author         = "O. Figueiredo and J-P Reveilles",
  Title          = "A Contribution to 3D Digital Lines",
  BookTitle      = "Procedings 5th Discrete Geometry and Computer Imagery",
  Pages          = "187-189",
  Address        = "Clermont-Ferrand",
  month          = "September",
  year           = 1995,
}

@Article{Fitzpatrick1998,
  Author         = "J. M. Fitzpatrick and J. B. West and C. R. Maurer",
  Title          = "Predicting Error in Rigid-Body Point-Based
                   Registration",
  Journal        = "IEEE Transactions on Medical Imaging",
  Volume         = "17",
  Number         = "5",
  Pages          = "694-702",
  month          = "October",
  year           = 1998,
}

@InProceedings{Fleute1999,
  Author         = "J. Fleute and S. Lavall\'{e}e",
  Title          = "Nonrigid 3-D / 2-D Registration of Images Using
                   Statistical Models",
  BookTitle      = "Conference on Medical Image Computing and
                   Computer-Assisted Intervention, MICCAI'99",
  Series         = "Lecture Notes in Computer Science",
  Pages          = "138-147",
  Publisher      = "Springer",
  month          = "September",
  year           = 1999,
}

@Book{Fogel1999,
  Author         = "K. Fogel",
  Title          = "Open {S}ource {D}evelopment with {CVS}",
  Publisher      = "Corolis",
  year           = 1999,
}

@Book{FoleyVanDam,
  Author         = "J. Foley and A. van Dam and S. Feiner and J. Hughes",
  Title          = "Computer Graphics, Principles and Practice",
  Publisher      = "Addison Wesley",
  Address        = "New York",
  year           = 1990,
}

@InProceedings{Fritsch1995,
  Author         = "D. Fritsch and D. Eberly and S. Pizer and M. McAuliffe",
  Title          = "Stimulated Cores and their Applications in Medical
                   Imaging",
  BookTitle      = "Information Processing in Medical Imaging 1995
                   (IPMI'95)",
  Pages          = "365-368",
}

@Article{Fritsch1994,
  Author         = "D. Fritsch and S. Pizer and B. Morse and D. Eberly and
                   A. Liu",
  Title          = "The Multiscale Medial Axis and its Applications in
                   Image Registration",
  Journal        = "Pattern Recognition Letters",
  Volume         = "15",
  Pages          = "445-452",
  year           = 1994,
}

@InProceedings{Fritsch1997,
  Author         = "D. Fritsch and S. Pizer and L. Yu and V. Johnson and
                   E. Chaney",
  Title          = "Localisation and Segmentaion of Medical Image Objects
                   using Deformable Shape Loci",
  BookTitle      = "Information Processing in Medical Imaging 1997
                   (IPMI'97)",
  Series         = "Lecture Notes in Computer Science",
  Pages          = "127-140",
  Publisher      = "Springer Verlag",
  year           = 1997,
}

@Book{Gamma1995,
  Author         = "E. Gamma and R. Helm and R. Johnson and J. Vlissides",
  Title          = "Design {P}atterns, {E}lements of {R}eusable
                   {O}bject-{O}riented {S}oftware",
  Publisher      = "Addison-Wesley",
  Series         = "Professional Computing Series",
  year           = 1995,
}

@Book{Gray1979,
  Author         = "Gardner and Gray and O'Rahilly",
  Title          = "Anatomie",
  Publisher      = "Doin",
  year           = 1979,
}

@InProceedings{Garland1997,
  Author         = "M. Garland and P. S. Heckbert",
  Title          = "Surface Simplification Using Quadric Error Metrics",
  BookTitle      = "Computer Graphics Proceedings, Annual Conferences
                   Series",
  Pages          = "209-216",
  year           = 1997,
}

@Article{Gerig1991,
  Author         = {G. Gerig and O. K\"{u}bler and R. Kikinis and F. A.
                   Jolesz},
  Title          = "Nonlinear Anisotropic Filtering of {MRI} Data",
  Journal        = "IEEE Transactions on Medical Imaging",
  Volume         = "11",
  Number         = "2",
  Pages          = "221-232",
  month          = jun,
  year           = 1992,
}

@Article{Ghosal994,
  Author         = "S. Ghosal and R. Mehrotra",
  Title          = "Detection of Composite Edges",
  Journal        = "IEEE Transactions on Image Processing",
  Volume         = "3",
  Number         = "1",
  Pages          = "14-25",
  month          = "January",
  year           = 1994,
}

@Article{Ghosal997,
  Author         = "S. Ghosal and R. Mehrotra",
  Title          = "A Moment-Based Unified Approach to Image Feature
                   Detection",
  Journal        = "IEEE Transactions on Image Processing",
  Volume         = "6",
  Number         = "6",
  Pages          = "781-793",
  month          = "June",
  year           = 1997,
}

@Book{Giblin1992,
  Author         = "P. J. Giblin and J. W. Bruce",
  Title          = "Curves and Singularities",
  Publisher      = "Cambridge University Press",
  year           = 1992,
}

@Book{Gilmore1981,
  Author         = "R. Gilmore",
  Title          = "Catastrophe Theory for Scientist and Engineers",
  Publisher      = "John Wiley and Sons",
  year           = 1981,
}

@Book{Glassner1989,
  Author         = "A. S. Glassner",
  Title          = "An Introduction to Ray Tracing",
  Publisher      = "Xerox PARC, Academic Press",
  year           = 1989,
}

@Book{GraphicGems,
  Author         = "S. A. Glassner",
  Title          = "Graphic Gems",
  Publisher      = "Academic Press, Inc.",
  year           = 1990,
}

@InProceedings{Glossop1997,
  Author         = "N. Glossop and R. Hu",
  Title          = "Effects of Tracking Adjacent Vertebral Bodies During
                   Image Guided Pedicle Screw Surgery",
  BookTitle      = "Conference on Computer Vision, Virtual Reality and
                   Robotics in Medicine and Medical Robotics and
                   Computer-Assisted Surgery, CVRMed-MRCAS",
  Series         = "Lecture Notes in Computer Science",
  Pages          = "531-540",
  Publisher      = "Springer",
  month          = "March",
  year           = 1997,
}

@InProceedings{Gourdon1995,
  Author         = "A. Gourdon",
  Title          = "Simplification of Irregular Surface Meshes in 3D
                   Medical Images",
  BookTitle      = "Proceeding of Computer Vision, Virtual Reality and
                   Robotics in Medicine",
  Series         = "Lecture Notes in Computer Science",
  Pages          = "413-419",
  Address        = "Nice, France",
  Publisher      = "Springer Verlag",
  month          = "April",
  year           = 1995,
}

@Book{Gray1993,
  Author         = "A. Gray",
  Title          = "Modern Differential Geometry of Curves and Surfaces",
  Publisher      = "CRC Press",
  Address        = "Boca Raton",
  annote         = "With examples in Mathematica",
  year           = 1993,
}

@Book{Greulich,
  Author         = "W.W. Greulich and S.I. Pyle",
  Title          = "Radiographic atlas of skeletal development of the hand
                   and wrist",
  Publisher      = "Stanford University Press",
  Address        = "Standford, California",
  year           = 1959,
}

@Article{Grevera1999,
  Author         = "B. Grevera and J. K. Udupa and Y. Miki",
  Title          = "A {T}ask-{S}pecific {E}valuation of {T}hree
                   {D}imensional {I}mage {I}nterpolation {T}echniques",
  Journal        = "IEEE Transactions on Medical Imaging",
  Volume         = "18",
  Number         = "2",
  Pages          = "137-147",
  month          = feb,
  year           = 1999,
}

@Article{Grevera1998,
  Author         = "G. J. Grevera and J. K. Udupa",
  Title          = "An {O}bjective {C}omparison of 3{D} {I}mage
                   {I}nterpolation {M}ethods",
  Journal        = "IEEE Transactions on Medical Imaging",
  Volume         = "17",
  Number         = "4",
  month          = apr,
  year           = 1998,
}

@Book{Gross1987,
  Author         = "J. L. Gross and Th. W. Tucker",
  Title          = "Topological Graph Theory",
  Publisher      = "John Wiley and Sons ",
  year           = 1987,
}

@Article{Grossberg1984,
  Author         = "Stephen Grossberg",
  Title          = " Neural Dynamics of Brightness Perception: Features,
                   Boundaries, Diffusion, and Resonance",
  Journal        = "Perception and Psychophysics",
  Volume         = "36",
  Number         = "5",
  Pages          = "428--456",
  year           = 1984,
}

@InProceedings{Grzeszczuk2000,
  Author         = "R. Grzeszczuk and S. Chin and R. Fahrig and H. Abassi
                   and H. Holz and D. Kim",
  Title          = "A Fluoroscopic X-Ray Registration Process for
                   Three-Dimensional Surgical Navigation",
  BookTitle      = "International Conference on Medical Image Computing
                   and Computer-Assisted Intervention MICCAI'2000",
  Series         = "Lecture Notes in Computer Science",
  Pages          = "551-556",
  Address        = "Cambridge, England",
  Publisher      = "Springer Verlag",
  year           = 2000,
}

@InProceedings{LeGuillou,
  Author         = "E. Le Guillou and R. Paule",
  Title          = "Les autres foyer de luxation congenitale de hanche",
  BookTitle      = "Luxation congenitale de hanche",
  Note           = "Aspect anthropologique, historique et medical",
  month          = "September",
  annote         = "Brest, France",
  year           = 1997,
}

@InProceedings{Guo1999,
  Author         = "Y. Guo and B. Vemuri",
  Title          = "Hybrid Geometric Active Models for Shape Recovery in
                   Medical Images",
  BookTitle      = "Second International Conference on Medical Image
                   Computing and Computer-Assisted Intervention",
  Series         = "Lecture Notes in Computer Science",
  Pages          = "112-125",
  Address        = "Cambridge, England",
  Publisher      = "Springer Verlag",
  month          = "September",
  year           = 1999,
}

@Article{Gueziec1998,
  Author         = "A. Gu\'{e}ziec and P. Kazanzides and B. Williamson and
                   R. H. Taylor",
  Title          = "Anatomy-based registration of CT-scan and
                   intraoperative X-ray images for guiding a surgical
                   robot",
  Journal        = "IEEE Transactions on Medical Imaging",
  Volume         = "17",
  Number         = "5",
  Pages          = "715-728",
  month          = "October",
  year           = 1998,
}

@Article{Gueziec2000,
  Author         = "A. Gu\'{e}ziec and K. Wu and A. Kalvin and B.
                   Williamson and P. Kazanzides and R. Van Vorhis",
  Title          = "Providing visual information to validate 2-D to 3-D
                   registration",
  Journal        = "Medical Image Analysis",
  Volume         = "4",
  Pages          = "357-374",
  year           = 2000,
}

@Book{Hertz1956,
  Author         = "Hertz H.",
  Title          = "The Principles of Mechanics",
  Publisher      = "Dover Publications Inc.",
  year           = 1956,
}

@Book{Haeckel,
  Author         = "E. Haeckel",
  Title          = "Anthropogenie oder Entwickelungsgeschichte des
                   Menschen",
  Publisher      = "Engelman, Leipzig",
  year           = 1874,
}

@InProceedings{Hamadeh1997,
  Author         = "A. Hamadeh and Cinquin P.",
  Title          = "Kinematic Study of Lumbar Spine Using Functional
                   Radiographies and 3D / 2D Registration",
  BookTitle      = "Conference on Computer Vision, Virtual Reality and
                   Robotics in Medicine and Medical Robotics and
                   Computer-Assisted Surgery, CVRMed-MRCAS",
  Series         = "Lecture Notes in Computer Science",
  Pages          = "109-118",
  Publisher      = "Springer",
  month          = "March",
  year           = 1997,
}

@Book{Hamilton1866,
  Author         = "W. R. Hamilton",
  Title          = "Elements of Quaternions",
  Publisher      = "Chelsea Publishing Company",
  year           = 1969,
}

@InProceedings{Hamitouche1999,
  Author         = "C. Hamitouche and L. Ibanez and C. Roux",
  Title          = "Topologie discrete des grilles d'echantillonnage n-D
                   optimales",
  BookTitle      = "17eme colloque GRETSI, pp889-892",
  Pages          = "889-892",
  Note           = "Vannes, France",
  month          = "Septembre",
  year           = 1999,
}

@InProceedings{Hamitouche1995,
  Author         = "C. Hamitouche and C. Roux and J. L. Coatrieux",
  Title          = "Design of New Surface Detection Operators in the Case
                   of an Anisotropic Samplig of 3D Volume Data",
  BookTitle      = "CVRMed'95, Computer Vision, Virtual Reality and
                   Robotics in Medicine",
  Number         = "905",
  Series         = "Lecture Notes in Computer Science",
  Pages          = "523-532",
  Publisher      = "Springer Verlag",
}

@Article{Hardin,
  Author         = "R. H. Hardin and N. J. A. Sloane",
  Title          = "McLaren's Improved Snub Cube and Other New Spherical
                   Designs in Three Dimension",
  Journal        = "Discrete and Computational Geometry",
  Volume         = "15",
  Pages          = "429-441",
  year           = 1996,
}

@Article{Heath,
  Author         = "M. Heath and S. Sarkar and T. Sanoki and K. Bowyer",
  Title          = "Comparision of Edge Detectors. A Methodology and
                   Initial Study",
  Journal        = "Computer Vision and Image Understanding",
  Volume         = "69",
  Number         = "1",
  Pages          = "38-54",
  month          = "January",
  year           = 1998,
}

@Book{HermanBook,
  Author         = "G. T. Herman",
  Title          = "Geometry of Digital Spaces",
  Publisher      = "Birkhauser",
  year           = 1998,
}

@Book{Herman1980,
  Author         = "G. T. Herman",
  Title          = "Image Reconstruction from Projections, The
                   Fundamentals of Computerized Tomography",
  Publisher      = "Academic Press",
  year           = 1980,
}

@InProceedings{HermanSummerSchool,
  Author         = "G. T. Herman",
  Title          = "Biomedical Applications of Digital Geometry",
  BookTitle      = "Third IEEE-EMBS International Summer School ",
  Address        = "Berder Island, Brittany, France",
  month          = "June",
  year           = 1998,
}

@Article{HermanSimplyConnected,
  Author         = "G.T. Herman",
  Title          = "Finitary 1-Simply Connected Digital Spaces",
  Journal        = "Graphical Models and Image Processing",
  Volume         = "60",
  Number         = "1",
  Pages          = "45-56",
  month          = "January",
  year           = 1998,
}

@Article{HermanJordan,
  Author         = "G.T. Herman and E. Zhao",
  Title          = "Jordan Surfaces in Simply Connected Digital Spaces",
  Journal        = "Journal of Mathematical Imaging and Vision",
  Volume         = "6",
  Pages          = "121-138",
  year           = 1996,
}

@InProceedings{Herring1999,
  Author         = "J. L. Herring and B. M. Dawant",
  Title          = "Automatic Identification of a Particular Vertebra in
                   the Spinal Column Using Surface-Based Registration",
  BookTitle      = "Conference on Medical Image Computing and
                   Computer-Assisted Intervention, MICCAI'99",
  Series         = "Lecture Notes in Computer Science",
  Pages          = "613-620",
  Publisher      = "Springer",
  month          = "September",
  year           = 1999,
}

@Article{Herring1998,
  Author         = "J. L. Herring and B. M. Dawant and C. R. Maurer and D.
                   M. Muratore and R. L. Galloway and J. M. Fitzpatrick",
  Title          = "Surface-based registration of CT images to physical
                   space for image-guided surgery of the spine: a
                   sensitivity study",
  Journal        = "IEEE Transactions on Medical Imaging",
  Volume         = "17",
  Number         = "5",
  Pages          = "743-752",
  month          = "October",
  year           = 1998,
}

@InProceedings{Hill1993,
  Author         = "A. Hill and A. Thornaham and C.J. Taylor",
  Title          = "Model-Based Interpretation of 3D Medical Images",
  BookTitle      = "4th British Machine Vision Conference",
  Pages          = "339-348",
  Address        = "Guildford, England",
  month          = "September",
  year           = 1993,
}

@Article{Hoffman1996,
  Author         = "C. M. Hoffman and J. R. Rossignac",
  Title          = "A Road Map to Solid Modeling",
  Journal        = "IEEE Transactions on Visualization and Computer
                   Graphics",
  Volume         = "2",
  Number         = "1",
  Pages          = "3-11",
  month          = "March",
  year           = 1996,
}

@InProceedings{Holden1999,
  Author         = "M. Holden and D. L. G. Hill and E. R. E. Denton and J.
                   M. Jarosz and T. C. S. Cox and D. J. Hawkes",
  Title          = "Voxel Similarity Measures for 3D Serial MR Brain Image
                   Registration",
  BookTitle      = "Information Processing in Medical Imaging 1999
                   (IPMI'99)",
  Editor         = "A. Kuba and M. Samal and A. Todd-Pkropek",
  Pages          = "472-477",
  Publisher      = "Springer",
  year           = 1999,
}

@Article{Holder,
  Author         = "N. Holder",
  Title          = "An experimental investigation into the early
                   development of the chick elbow joint ",
  Journal        = "J. Embryol. exp. Morph.",
  Volume         = "39",
  Pages          = "115-127",
  year           = 1977,
}

@InProceedings{Hoppe1997,
  Author         = "H. Hoppe",
  Title          = "View-Dependent Refinement of Progressive Meshes",
  BookTitle      = "Computer Graphics Proceedings, Annual Conferences
                   Series",
  Pages          = "189-198",
  year           = 1997,
}

@Article{Huertas1986,
  Author         = "A. Huertas and G. Medioni",
  Title          = "Detection of Intensity Changes with Subpixel Accuracy
                   Using Laplacian-Gaussian Masks",
  Journal        = "IEEE Transactions on Pattern Analysis and Machine
                   Intelligence",
  Volume         = "8",
  Number         = "5",
  Pages          = "651-664",
  month          = "September",
  year           = 1986,
}

@InProceedings{Hug1999,
  Author         = "J. Hug and C. Brechbuhler and G. Sz\'{e}kely",
  Title          = "Tamed Snake: A Particle System for Robust
                   Semi-automatic Segmentation",
  BookTitle      = "Conference on Medical Image Computing and
                   Computer-Assisted Intervention",
  Series         = "Lecture Notes in Computer Science",
  Pages          = "106-115",
  Address        = "Cambridge, England",
  Publisher      = "Springer Verlag",
  month          = "September",
  year           = 1999,
}

@InCollection{Huiskes1997,
  Author         = "R. Huiskes",
  Title          = "Validation of Adaptive Bone-Remodeling Simulation
                   Models",
  BookTitle      = "Bone Research in Biomechanics",
  Publisher      = "IOS Press",
  Editor         = "Lowet G., Ruegsegger P., Weinans H., Meunier A.",
  Pages          = "33-48",
  year           = 1997,
}

@InProceedings{Hummel986,
  Author         = "R. A. Hummel",
  Title          = "Representation based on Zero-Crossings in Scale-Space ",
  BookTitle      = "CVPR'86, Conference on Computer Vision and Pattern
                   Recognition",
  Series         = "Lecture Notes in Computer Science",
  Pages          = "204-209",
  Organization   = "IEEE Computer Society",
  Publisher      = "IEEE Computer Society Press",
  year           = 1986,
}

@Book{Hunt90,
  Author         = "K. H. Hunt",
  Title          = "Kinematic Geometry of Mechanisms",
  Publisher      = "Oxford: Clarendon Press",
  year           = 1990,
}

@InProceedings{Ibanez2000,
  Author         = "L. Ibanez and E. Bullitt and S. Pizer and S. Mukherji
                   and K. Smith",
  Title          = "Image Guided Surgery Applied to Intravascular
                   Intervention",
  BookTitle      = "Annual Research Review",
  Pages          = "20",
  Organization   = "Department of Radiology, University of North Carolina
                   at Chapel Hill",
  month          = "February",
  year           = 2000,
}

@InProceedings{Ibanez1996b,
  Author         = "L. Ibanez and C. Hamitouche and C. Roux",
  Title          = "Moment-Based Operator for Sub-voxel surface extraction
                   in medical imaging",
  BookTitle      = "International Conference on Image Processing, ICIP'96",
  Address        = "Lausanne, Switzerland",
  month          = "September",
  year           = 1996,
}

@InProceedings{Ibanez1996,
  Author         = "L. Ibanez and C. Hamitouche and C. Roux",
  Title          = "Determination of Discrete Sampling Grids with Optimal
                   Topological and Spectral Properties",
  BookTitle      = "6th International Workshop in Discrete Geometry for
                   Computer Imagery DGCI'96",
  Number         = "1176",
  Series         = "Lecture Notes in Computer Science",
  Pages          = "181-192",
  Publisher      = "Springer Verlag",
  Note           = "Lyon, France",
  month          = "September",
  year           = 1996,
}

@InProceedings{IbanezWC2000,
  Author         = "L. Ibanez and C. Hamitouche and C. Roux",
  Title          = "Structured Deformable Models. Application of Metaballs
                   to 3D Medical Image Segmentation",
  BookTitle      = "WC 2000",
  Pages          = "20",
  Organization   = "IEEE-EMBS Society",
  month          = "July",
  year           = 2000,
  notes          = "Chigaco",
}

@InProceedings{Ibanez1997,
  Author         = "L. Ibanez and C. Hamitouche and C. Roux",
  Title          = "Ray-Tracing and 3-D Object Representation in the BCC
                   and FCC Grids",
  BookTitle      = "7th International Workshop in Discrete Geometry for
                   Computer Imagery DGCI'97",
  Number         = "1347",
  Series         = "Lecture Notes in Computer Science",
  Pages          = "235-241",
  Publisher      = "Springer Verlag",
  Note           = "http://www-iti.enst-bretagne.fr/~ibanez/papers/dgci97",
  month          = "December",
  annote         = "Montpellier, France",
  year           = 1997,
}

@Article{IbanezLines,
  Author         = "L. Ibanez and C. Hamitouche and C. Roux",
  Title          = "A Vectorial Algorithm for Tracing Discrete Straigh
                   Lines in N-Dimensional Generalized Grids",
  Journal        = "IEEE Transactions on Visualization and Computer
                   Graphics",
  year           = 2000,
  annote         = "to appear",
}

@Article{Imielinska2000b,
  Author         = {Imielinska, C. and Downes, M. and Yuan, W.},
  Title          = {Semi-{A}utomated {C}olor {S}egmentation of
                   {A}natomical {T}issue},
  Journal        = {Journal of Computerized Medical Imaging and Graphics},
  Volume         = {24},
  Pages          = {173-180},
  month          = apr,
  year           = 2000,
}

@InProceedings{Imielinska2000a,
  Author         = {Imielinska, C. and Metaxas, D. and Udupa, J. and Jin,
                   Y. and Chen, T.},
  Title          = {Hybrid {S}egmentation of the {V}isible {H}uman {D}ata},
  BookTitle      = {Proceedings of the {T}hird {V}isible {H}uman {P}roject
                   {C}onference},
  Address        = {Bethesda, MD},
  year           = 2000,
  month          = {5 } # oct,
}

@InProceedings{Imielinska2001,
  Author         = {Imielinska, C. and Metaxas, D. and Udupa, J.K. and
                   Jin, Y. and Chen, T.},
  Title          = {Hybrid {S}egmentation of {A}natomical {D}ata},
  BookTitle      = {Proceedings {MICCAI}},
  Pages          = {1048-1057},
  Address        = {Utrecht, The Netherlands},
  year           = 2001,
}

@Article{Janners,
  Author         = "M.Y. Janners and R.L. Searls",
  Title          = "Changes in Rate of Proliferation during the
                   Differentiation of Cartilage and Muscle in the
                   Mesenchyme of the Embryonic Chick Wing",
  Journal        = "Developmental Biology",
  Volume         = "23",
  Pages          = "136-165",
  year           = 1970,
}

@InProceedings{Jin2002,
  Author         = {Jin, Y. and Imielinska, C. and Laine, A.},
  Title          = {A {H}omogeneity-{B}ased {S}peed {T}erm for {L}evel-set
                   {S}hape {D}etection},
  BookTitle      = {S{PIE} {M}edical {I}maging},
  Address        = {San Diego},
  year           = 2002,
}

@Article{JohnsonHebert,
  Author         = "A. E. Johnson and M. Hebert",
  Title          = "Control of Polygonal Mesh Resolution for 3-D Computer
                   Vision",
  Journal        = "Graphical Models and Image Processing",
  Volume         = "60",
  Pages          = "261-285",
  year           = 1998,
}

@Article{JohnsonTabin,
  Author         = "R.L. Johnson and C.J. Tabin",
  Title          = "Molecular Model for Vertebrate Limb Development",
  Journal        = "Cell",
  Volume         = "90",
  Pages          = "979-990",
  month          = "September",
  year           = 1997,
}

@Book{Joly1905,
  Author         = "C. J. Joly",
  Title          = "A Manual of Quaternions",
  Publisher      = "MacMillan and Co. Limited",
  year           = 1905,
}

@Book{Kaandorp1994,
  Author         = "J.A. Kaandorp",
  Title          = "Fractal Modelling. Growth and From in Bilogy",
  Publisher      = "Springer Verlag",
  year           = 1994,
}

@Book{Kalker1990,
  Author         = "J. J. Kalker",
  Title          = "Three-Dimensional Elastic Bodies in Rolling Contact",
  Publisher      = "Kluwer Academic Publishers",
  year           = 1990,
}

@Book{KaminaOsteologie,
  Author         = "P. Kamina",
  Title          = "Osteologie des Membres",
  Publisher      = "Maloine",
  Series         = "Anatomie, Introduction a la Clinique",
  year           = 1986,
}

@Book{KaminaArthrologie,
  Author         = "P. Kamina and J.P. Francke",
  Title          = "Arthrologie des Membres, description et fonction ",
  Publisher      = "Maloine",
  Series         = "Anatomie, Introduction a la Clinique",
  year           = 1986,
}

@Book{KaminaMyologie,
  Author         = "P. Kamina and Y. Rideau",
  Title          = "Myologie des Membres",
  Publisher      = "Maloine",
  Series         = "Anatomie, Introduction a la Clinique",
  year           = 1987,
}

@Book{Kapandji,
  Author         = "I. A. Kapandji",
  Title          = "Physiologie Articulaire",
  Publisher      = "Maloine",
  year           = 1994,
}

@Article{Kaufman3DScan,
  Author         = "A. Kaufman",
  Title          = "An Algorithm for 3D Scan Conversion of Parametric
                   Curves, Surfaces and Volumes",
  Journal        = "Computer Graphics",
  Volume         = "21",
  Number         = "4",
  Pages          = "171-179",
  year           = 1987,
}

@InProceedings{Kaufman,
  Author         = "A. E. Kaufman",
  Title          = "Volume Synthesis",
  BookTitle      = "Procedings 6th International Workshop Discrete
                   Geometry for Computer Imagery DGCI'96",
  Editor         = "Springer Verlag",
  Series         = "Lecture Notes in Computer Science",
  Pages          = "87-100",
  Address        = "Lyon, France",
  year           = 1996,
}

@Article{Kaus2001,
  Author         = "M. Kaus and S. K. Warfield and A. Nabavi and P. M.
                   Black and F. A. Jolesz and R. Kikinis",
  Title          = "Automated Segmentation of MRI of Brain Tumors",
  Journal        = "Radiology",
  Volume         = 218,
  Pages          = "586-591",
  year           = 2001,
}

@Book{AdvancesDCG,
  Author         = "R. Kettle and A. Rosenfeld and F. Sloboda",
  Title          = "Advances in Digital and Computational Geometry",
  Publisher      = "Springer Verlag",
  year           = 1998,
}

@Article{ModelDrivenSegmentation,
  Author         = "R. Kikings and M. E. Shenton and D. V. Iosifescu and
                   R. W. McCarley and P. Saiviroonporn and H. H. Hokama
                   and A. Robation and D. Metcalf and C. G. Wible and C.M.
                   Portas and R. M. Donnino and F. A. Jolez",
  Title          = "A Digital Brain Atlas for Surgical Planning, Model
                   Driven Segmentation and Teaching",
  Journal        = "IEEE Transaction on Visualization and Computer
                   Graphics",
  Volume         = "2",
  Number         = "3",
  Pages          = "232-241",
  year           = 1996,
}

@Article{Kim1983,
  Author         = "C. E. Kim",
  Title          = "Three-Dimensional Digital Line Segments",
  Journal        = "IEEE Trans. Pattern Analysis and Machine Intelligence",
  Volume         = "5",
  Number         = "2",
  year           = 1983,
}

@Book{Kinsey,
  Author         = "L. C. Kinsey",
  Title          = "Topology of Surfaces",
  Publisher      = "Springer Verlag",
  Series         = "Undergraduate Texts in Mathematics",
  Address        = "New York",
  year           = 1993,
}

@Book{Kittel,
  Author         = "C. Kittel",
  Title          = "Introduction to solid-state physics",
  Publisher      = "John Wiley and Sons Inc.",
  year           = 1971,
}

@Book{Knupp1993,
  Author         = "P. Knupp and S. Steinberg",
  Title          = "Fundamentals of Grid Generation",
  Publisher      = "CRC Press",
  year           = 1993,
}

@Article{koe93,
  Author         = {J. Koenderink and A. van Doorn},
  Title          = "Local Features of Smooth Shapes: Ridges and Courses",
  Journal        = "SPIE Proc. Geometric Methods in Computer Vision II",
  Volume         = "2031",
  Pages          = "2--13",
  year           = 1993,
}

@Article{Koenderink1993,
  Author         = {J. Koenderink and A. van Doorn},
  Title          = "Local Features of Smooth Shapes: Ridges and Courses",
  Journal        = "SPIE Proc. Geometric Methods in Computer Vision II",
  Volume         = "2031",
  Pages          = "2--13",
  year           = 1993,
}

@Article{Koenderink1979,
  Author         = {J. Ko\"{e}nderink and A. van Doorn},
  Title          = "The {S}tructure of {T}wo-{D}imensional {S}calar
                   {F}ields with {A}pplications to {V}ision",
  Journal        = "Biol. Cybernetics",
  Volume         = "33",
  Pages          = "151--158",
  year           = 1979,
}

@Article{koe79,
  Author         = {J. Ko\"{e}nderink and A. van Doorn},
  Title          = "The {S}tructure of {T}wo-{D}imensional {S}calar
                   {F}ields with {A}pplications to {V}ision",
  Journal        = "Biol. Cybernetics",
  Volume         = "33",
  Pages          = "151--158",
  year           = 1979,
}

@Book{Kramer1992,
  Author         = "G. A. Kramer",
  Title          = "Solving geometric constraint systems: a case study in
                   kinematics",
  Publisher      = "Massachusetts Institute of Technology Press",
  year           = 1992,
}

@Book{KreighbaumBarthels,
  Author         = "E. Kreighbaum and K.M. Barthels",
  Title          = "Biomechanics: A Qualitative Approach for Studying
                   Human Movement",
  Publisher      = "Allyn and Bacon",
  year           = 1996,
}

@InProceedings{LaRose2000,
  Author         = "D. LaRose and L. Cassenti and B. Jaramaz and J. Moody
                   and T. Kanade and A. DiGioia",
  Title          = "Post-operative Measurement of Acetabular Cup Position
                   Using X-Ray/CT Registration",
  BookTitle      = "International Conference on Medical Image Computing
                   and Computer-Assisted Intervention MICCAI'2000",
  Series         = "Lecture Notes in Computer Science",
  Pages          = "1104-1113",
  Address        = "Cambridge, England",
  Publisher      = "Springer Verlag",
  year           = 2000,
}

@Article{Lamure1996,
  Author         = "H. Lamure and D. Michelucci",
  Title          = "Solving Geometric Constraints by Homotopy",
  Journal        = "IEEE Transactions on Visualization and Computer
                   Graphics",
  Volume         = "2",
  Number         = "1",
  Pages          = "28-35",
  year           = 1996,
}

@InProceedings{LandweberBaum,
  Author         = "L.F. Landweber and E.B. Baum",
  Title          = "DNA Based Computers II",
  BookTitle      = "DIMACS Workshop",
  Volume         = "44",
  Series         = "Series in Discrete Mathematics and Theoretical
                   Computer Science",
  Organization   = "American Mathematical Society,",
  month          = "June 10-12",
  year           = 1996,
}

@Book{Langton1995,
  Author         = "C. G. Langton",
  Title          = "Artificial Life",
  Publisher      = "MIT Press",
  year           = 1995,
}

@Book{Larsen1997,
  Author         = "W. J. Larsen ",
  Title          = "Embryologie Humaine",
  Publisher      = "DeBoeck Universite",
  year           = 1997,
}

@InCollection{Laval,
  Author         = "A. M. Laval-Jeantet and A. Elmoutaouakkil and J.P.
                   Roux and G. Lowet",
  Title          = "CT and Mini-CT 2D-Image Analysis for the Quantitation
                   of Vertebral Trabecular Architecture",
  BookTitle      = "Bone Research in Biomechanics",
  Publisher      = "IOS Press",
  Editor         = "Lowet G., Ruegsegger P., Weinans H., Meunier A.",
  Pages          = "113-119",
  year           = 1997,
}

@Article{Lavallee1995,
  Author         = "S. Lavallee and R. Szeliski",
  Title          = "Recovering the position and orientation of free-from
                   objects from image contours using 3D distance maps",
  Journal        = "IEEE Transactions on Pattern Analysis and Machine
                   Intelligence",
  Volume         = "17",
  Number         = "4",
  Pages          = "378-390",
  month          = "April",
  year           = 1995,
}

@Article{Lehmann1999,
  Author         = "T. Lehmann and C. Gonner and K. Spitzer",
  Title          = "Survey: {I}nterpolation {M}ethods in {M}edical {I}mage",
  Journal        = "IEEE Transactions on Medical Imaging",
  Volume         = "18",
  Number         = "18",
  Pages          = "1049-1075",
  year           = 1999,
}

@Article{Lelieveldt1999,
  Author         = "B. P. F. Lelieveldt and R. J. van der Geest and M.
                   Ramze Rezaee and J. G. Bosch and J. H. C. Reiber",
  Title          = "Anatomical model matching with fuzzy implicit surfaces
                   for segmentation of thoracic scans",
  Journal        = "IEEE Transactions on Medical Imaging",
  Volume         = "18",
  Number         = "3",
  Pages          = "218-230",
  month          = "March",
  year           = 1999,
}

@Article{Lelkes,
  Author         = "G. Lelkes",
  Title          = "Experiments in vitro on the Role of Movement in the
                   Development of Joints ",
  Journal        = "J. Embryol. exp. Morph.",
  Volume         = "6",
  Pages          = "183-186",
  year           = 1958,
}

@InProceedings{Liang1999,
  Author         = "J. Liang and T. McInerney and D. Terzopoulos",
  Title          = "Interactive Medical Image Segmentation with United
                   Snakes",
  BookTitle      = "Conference on Medical Image Computing and
                   Computer-Assisted Intervention",
  Series         = "Lecture Notes in Computer Science",
  Pages          = "116-127",
  Address        = "Cambridge, England",
  Publisher      = "Springer Verlag",
  month          = "September",
  year           = 1999,
}

@Book{Lindenmayer,
  Author         = "Lindenmayer",
  Title          = "The Algorithmic Beauty of Plants",
  Publisher      = "1996",
  year           = "Springer Verlag",
}

@InProceedings{Little1996,
  Author         = "J. A. Little and D. L. G. Hill and D. J. Hawkes",
  Title          = "Deformation incorporating rigid structures",
  BookTitle      = "Proceedings of the IEEE Workshop on Mathematical
                   Methods in Biomedical Image Analysis",
  Pages          = "104-113",
  year           = 1996,
  month          = "June",
}

@InProceedings{Liu1997,
  Author         = "A. Liu and E. Bullitt and S. Pizer",
  Title          = "Surgical Instrument Guidance Using Synthesized
                   Anatomical Structures",
  BookTitle      = "Conference on Computer Vision, Virtual Reality and
                   Robotics in Medicine and Medical Robotics and
                   Computer-Assisted Surgery, CVRMed-MRCAS",
  Series         = "Lecture Notes in Computer Science",
  Pages          = "99-108",
  Publisher      = "Springer",
  month          = "March",
  year           = 1997,
}

@InProceedings{Liu1998,
  Author         = "A. Liu and E. Bullitt and S. Pizer",
  Title          = "3D/2D Registration Via Skeletal Near Projective
                   Invariance in Tubular Objects",
  BookTitle      = "MICCAI'98 First International Conference on Medical
                   Image Computing and Computer-Assisted Intervention",
  Series         = "Lecture Notes in Computer Science",
  Pages          = "952-963",
  year           = 1998,
}

@Article{Lobregt1995,
  Author         = "S. Lobregt and M. A. Viergever",
  Title          = "A Discrete Dynamic Contour Model",
  Journal        = "IEEE Transactions on Medical Imaging",
  Volume         = "14",
  Number         = "1",
  Pages          = "12-24",
  month          = "March",
  year           = 1995,
}

@Article{LookForMe2000,
  Author         = {LookForMe},
  Title          = {Voxel {S}imilarity {M}easures for 3{D} {S}erial {MR}
                   {B}rain {I}mage {R}egistration},
  Journal        = {IEEE Transactions on Medical Imaging},
  Volume         = {19},
  Number         = {2},
  Pages          = {94-102},
  month          = feb,
  year           = 2000,
}

@Article{MarchingCubes,
  Author         = "W. E. Lorensen and H. E. Cline",
  Title          = "Marching Cubes: A High Resolution 3D Surface
                   Construction Algorithm",
  Journal        = "Computer Graphics",
  Volume         = "21",
  Number         = "4",
  Pages          = "163-169",
  month          = "July",
  year           = 1987,
}

@Article{Malladi1995,
  Author         = "R. Malladi and J. A. Sethian and B. C. Vermuri",
  Title          = "Shape Modeling with Front Propagation: A Level Set Approach",
  Journal        = "IEEE Trans. on Pattern Analysis and Machine Intelligence",
  Volume         = "17",
  Number         = "2",
  Pages          = "158-174",
  year           = 1995,
}

@InProceedings{Luebke1997,
  Author         = "D. Luebke and C. Erikson",
  Title          = "View-Dependent Simplification of Arbitrary Polygonal
                   Environments",
  BookTitle      = "Computer Graphics Proceedings, Annual Conferences
                   Series",
  Pages          = "199-208",
  year           = 1997,
}

@Article{Luo1993,
  Author         = "L. M. Luo and Ch. Hamitouche and J. L. Dillienseger
                   and J. L. Coatrieux",
  Title          = "A Moment-Based Three-Dimensional Edge Operator",
  Journal        = "IEEE Transactions on Biomedical Engineering",
  Volume         = "40",
  Number         = "7",
  Pages          = "693-703",
  month          = "July",
  year           = 1993,
}

@Article{Lyvers1989,
  Author         = "E. P. Lyvers and O. R. Mitchell and M. L. Akey and A.
                   P. Reeves",
  Title          = "Subpixel Measurements Using a Moment-Based Edge
                   Operator",
  Journal        = "IEEE Transactions on Pattern Analysis and Machine
                   Intelligence",
  Volume         = "11",
  Number         = "12",
  Pages          = "1293-1309",
  month          = "december",
  year           = 1989,
}

@InCollection{Majumdar,
  Author         = "S. Majumdar and H. Genant",
  Title          = "Assessment of Trabecular Structure Using High
                   Resolution Magnetic Resonance Imaging",
  BookTitle      = "Bone Research in Biomechanics",
  Publisher      = "IOS Press",
  Editor         = "Lowet G., Ruegsegger P., Weinans H., Meunier A.",
  Volume         = "81-96",
  year           = 1997,
}

@Book{Marr1983,
  Author         = "D. Marr",
  Title          = "Vision",
  Publisher      = "W. H. Freeman",
  year           = 1983,
}

@Article{Marr1980,
  Author         = "D. Marr and E. Hildreth",
  Title          = "Theory of Edge Detection",
  Journal        = "Proc. Roy. Soc.",
  Volume         = "B207",
  Pages          = "187-217",
  year           = 1980,
}

@Book{TransformGeometry,
  Author         = "G. E. Martin",
  Title          = "Tranformation Geometry, An Introduction to Symmetry",
  Publisher      = "Springer Verlag",
  Address        = "Berlin",
  year           = 1982,
}

@Book{Martin1982,
  Author         = "G. E. Martin",
  Title          = "Transformation Geometry, An Introduction to Symmetry",
  Publisher      = "Springer Verlag ",
  Address        = "Berlin",
  year           = 1982,
}

@Article{HexagonalTomography,
  Author         = "S. Matej and G. Herman and A. Vardi",
  Title          = "Binary Tomography on the Hexagonal Grid Using Gibbs
                   Priors",
  Journal        = "Int. J. Imaging Syst. Technol.",
  Volume         = "9",
  Pages          = "126-131",
  year           = 1998,
}

@Article{MatejBlobs,
  Author         = "S. Matej and R.M. Lewit",
  Title          = "Efficient 3D Grids for Image Reconstruction Using
                   Spherically-Symmetric Volume Elements",
  Journal        = "IEEE Trans. on Nuclear Science",
  Volume         = "42",
  Number         = "4",
  Pages          = "1361-1370",
  month          = "August",
  year           = 1995,
}

@InProceedings{Mattes2001,
  Author         = "D. Mattes and D. R. Haynor and H. Vesselle and T. K.
                   Lewellen and W. Eubank",
  Title          = "Non-Rigid Multimodality Image Registration",
  BookTitle      = "Medical Imaging 2001: Image Processing",
  Pages          = "1609-1620",
  year           = 2001,
}

@Book{Mazure1989,
  Author         = "Mazure",
  Title          = "Catastrophes et Bifurcatons",
  Publisher      = "X Ecole Polytechnique, Edition Marketing",
  year           = 1989,
}

@Book{McCarthy,
  Author         = "J.M. McCarthy",
  Title          = "An Introduction to Theoretical Kinematics",
  Publisher      = "MIT Press",
  year           = 1990,
}

@InProceedings{McInerney1995,
  Author         = "T. McInerney and D. Terzopoulos",
  Title          = "Medical image Segmentaion Using Topologically
                   Adaptable Snakes",
  BookTitle      = "Proceeding of Computer Vision, Virtual Reality and
                   Robotics in Medicine",
  Series         = "Lecture Notes in Computer Science",
  Pages          = "92-101",
  Address        = "Nice, France",
  Publisher      = "Springer Verlag",
  year           = 1995,
}

@InProceedings{Meihe1999,
  Author         = "X. Meihe and R. Srinivasan and W. L. Nowinski",
  Title          = "A Fast Mutual Information Method for Multi-Modal
                   Registration",
  BookTitle      = "Information Processing in Medical Imaging 1999
                   (IPMI'99)",
  Editor         = "A. Kuba and M. Samal and A. Todd-Pkropek",
  Pages          = "466-471",
  Publisher      = "Springer",
}

@InProceedings{SignalReconstruction,
  Author         = "E. H. Meijering and W. J. Niessen and J. P. Pluim and
                   M. A. Viergever",
  Title          = "Quantitative Comparision os Sinc-Approximating Kernels
                   for Medical Image Interpolation",
  BookTitle      = "MICCAI'98 First International Conference on Medical
                   Image Computing and Computer-Assisted Intervention",
  Editor         = "W. M. Wells and A. Colchester and S. Delp",
  Series         = "Lecture Notes in Computer Science",
  Pages          = "972-980",
  Publisher      = "Springer Verlag",
  month          = "September",
  year           = 1999,
}

@PhdThesis{Meijering2000,
  Author         = "H. W. Meijering",
  Title          = "Image Enhancement in Digital X-Ray Angiography",
  School         = "Utrecht University",
  Address        = "Utrecht, the Netherlands",
  annote         = "Image Sciences Institute",
  year           = 2000,
}

@InProceedings{Merloz1997,
  Author         = "P. Merloz and J. Tonett and A. Eid and C. Faure and L.
                   Pittet and M. Coulomb and P. Sautot and O. Raoult",
  Title          = "Computer-Assisted Versus Manual Spine Surgery:
                   Clinical Report",
  BookTitle      = "Conference on Computer Vision, Virtual Reality and
                   Robotics in Medicine and Medical Robotics and
                   Computer-Assisted Surgery, CVRMed-MRCAS",
  Series         = "Lecture Notes in Computer Science",
  Pages          = "541-544",
  Publisher      = "Springer",
  month          = "March",
  year           = 1997,
}

@Article{Meskers1998,
  Author         = "C.G.M. Meskers and F.C.T. van der Helm and L.A.
                   Rozendaal and P.M. Rozing",
  Title          = "In vivo estimation of the glenohumeral joint rotation
                   center from scapular bony landmarks by linear
                   regression",
  Journal        = "Journal of Biomechanics",
  Volume         = "31",
  Pages          = "93-96",
  year           = 1998,
}

@InProceedings{Metaxas1998,
  Author         = "D. Metaxas",
  Title          = "Physiscs-based Techniques for Segmentation, Modeling
                   and Analysis of Internal Organs",
  BookTitle      = "Third IEEE-EMBS International Summer School",
  Address        = "Berder Island, France",
  month          = "June",
  year           = 1998,
}

@InProceedings{Mitschke2000,
  Author         = "M. Mitschke and A. Bani-Hashemi and N. Navab",
  Title          = "Interventions under Video-Augmented X-Ray Guidance:
                   Application to Needle Placement",
  BookTitle      = "International Conference on Medical Image Computing
                   and Computer-Assisted Intervention MICCAI'2000",
  Series         = "Lecture Notes in Computer Science",
  Pages          = "858-868",
  Address        = "Cambridge, England",
  Publisher      = "Springer Verlag",
  year           = 2000,
}

@Book{Miyazaki,
  Author         = "K. Miyazaki",
  Title          = "An Adventure in Multidimensional Space",
  Publisher      = "John Wiley and Sons Inc.",
  year           = 1983,
}

@TechReport{Monga1990,
  Author         = "O. Monga and N. Ayache and P. T. Sander",
  Title          = "From Voxel to Curvature",
  Institution    = "INRIA",
  Number         = "1356",
  Note           = "http://www.inria.fr",
  month          = "decembre",
  year           = 1990,
}

@TechReport{Monga1992,
  Author         = "O. Monga and S. Benayoun",
  Title          = "Using Partial Derivatives of 3D Images to Extract
                   Typical Surface Features ",
  Institution    = "INRIA",
  Note           = "http://www.inria.fr",
  year           = 1992,
}

@Article{Monga1995,
  Author         = "O. Monga and S. Benayoun",
  Title          = "Using Partial Derivatives of 3D Images to Extract
                   Typical Surface Features",
  Journal        = "Computer Vision and Image Understanding",
  Volume         = "61",
  Number         = "2",
  Pages          = "171-189",
  month          = "March",
  year           = 1995,
}

@InCollection{Muller,
  Author         = "R. Muller and P. Ruegsegger",
  Title          = "Micro-Tomographic Imaging for the Nondestructive
                   Evaluation of Trabecular Bone Architecture",
  BookTitle      = "Bone Research in Biomechanics",
  Publisher      = "IOS Press",
  Editor         = "Lowet G., Ruegsegger P., Weinans H., Meunier A.",
  Pages          = "61-79",
  year           = 1997,
}

@Article{Muraki1995,
  Author         = "S. Muraki",
  Title          = "Multiscale Volume Representation by a DOG Wavelet",
  Journal        = "IEEE Transactions on Visualization and Computer
                   Graphics",
  Volume         = "1",
  Number         = "2",
  Pages          = "109-116",
  month          = "June",
  year           = 1995,
}

@Book{Murray1990,
  Author         = "J.D. Murray ",
  Title          = "Mathematical Biology",
  Publisher      = "Springer Verlag",
  year           = 1990,
}

@Article{Murray1988,
  Author         = "J.D. Murray and K. Maini and R.T. Tranquilo",
  Title          = "Mechanochemical models for generating biological
                   pattern and form in development",
  Journal        = "Physics Reports (Review Section of Physics Letters)",
  Volume         = "171",
  Number         = "2",
  Pages          = "59-84",
  year           = 1988,
}

@Book{Musser1996,
  Author         = "D. Musser and A. Saini",
  Title          = "S{TL} {T}utorial and {R}eference {G}uide",
  Publisher      = "Addison-Wesley",
  Series         = "Professional Computing Series",
  year           = 1996,
}

@Book{SimHumans,
  Author         = "Badler N.I. and Phillips C.B. and Webber B.L.",
  Title          = "Simulating Humans: Computer Graphics Animation and
                   Control",
  Publisher      = "Oxford University Press",
  year           = 1993,
}

@InProceedings{PlaneTemplate,
  Author         = "P. Nehlig and C. Montani",
  Title          = "A Discrete Template Based Plane Casting Algorithm for
                   Volume Viewing",
  BookTitle      = "Proc. 5th Mathematical Workshop Discrete Geometry for
                   Computer Imagery DGCI'95",
  Series         = "Lecture Notes in Computer Sciences",
  Pages          = "71-79",
  Publisher      = "Springer Verlag",
  month          = "September",
  year           = 1995,
}

@InProceedings{Nielsen,
  Author         = "M.B. Nielsen and C. Gramkow and S. Kreigorg",
  Title          = "Non-Rigid Image Registration Using Bone Growth Model",
  BookTitle      = "MICCAI'98",
  Editor         = "W. M. Wells and A. Colchester and S. Delp",
  Series         = "Lecture Notes in Computer Science",
  Publisher      = "Springer Verlag",
  year           = 1998,
}

@Article{Nogly,
  Author         = "D. Nogly and M. Schladt",
  Title          = "Digital Topology on Graphs",
  Journal        = "Computer Vision and Image Understanding",
  Volume         = "63",
  Number         = "2",
  Pages          = "394-396",
  month          = "March",
  year           = 1996,
}

@Article{Odell1981,
  Author         = "G.M. Odell and G. Oster and P. Alberch and B. Burnside",
  Title          = "The Mechanical Basis of Morphogenesis",
  Journal        = "Developmental Biology",
  Volume         = "85",
  Pages          = "446-462",
  year           = 1981,
}

@Article{Oster1983A,
  Author         = "G.F. Oster and J.D. Murray and K. Harris",
  Title          = "Mechanical Aspects of Mesenchymal Morphogenesis",
  Journal        = "J.Embryol.Exp.Morph.",
  Volume         = "78",
  Pages          = "83-125",
  year           = 1983,
}

@Article{Oster1985,
  Author         = "G.F. Oster and J.D. Murray and K. Maini",
  Title          = "A Model for chondrogenic condensations in the
                   developing limb: the role of extracellular matrix and
                   cell tractions",
  Journal        = "J.Embryol.Exp.Morph.",
  Volume         = "89",
  Pages          = "93-112",
  year           = 1985,
}

@Article{Oster1983B,
  Author         = "G.F. Oster and J.D. Murray and K. Maini",
  Title          = "A Mechanical Model for Mesenchymal Morphogenesis",
  Journal        = "J.Math Biology",
  Volume         = "17",
  Number         = "125-129",
  year           = 1983,
}

@Article{Oster1988,
  Author         = "G.F. Oster and N. Shubin and J.D. Murray and P.
                   Alberch",
  Title          = "Evolution and Morphogenetic Rules: The Shape of the
                   Vertebrate Limb in Ontogeny and Phylogeny",
  Journal        = "Evolution",
  Volume         = "42",
  Number         = "5",
  Pages          = "862-884",
  year           = 1988,
}

@TechReport{Mupad,
  Author         = "University Paderborn",
  Title          = "http://www.mupad.de",
  Institution    = "SciFace Software GmbH \& Co",
  year           = 1999,
}

@Article{Papliinski1998,
  Author         = "A. P. Papliinski",
  Title          = "Directional Filtering in Edge Detection",
  Journal        = "IEEE Trans. on Image Processing",
  Volume         = "7",
  Number         = "4",
  Pages          = "611-615",
  year           = 1998,
}

@Article{Parker,
  Author         = "S. Parker and M. Parker and Y. Livnat and P. Sloan and
                   C. Hansen",
  Title          = "Interactive Ray Tracing for Volume Visualization",
  Journal        = "IEEE Transactions on Visualization and Computer
                   Graphics",
  Volume         = "5",
  Number         = "3",
  Pages          = "238-250",
  month          = "July",
  year           = 1999,
}

@InProceedings{Patriciu2000,
  Author         = "A. Patriciu and D. Stoianovici and L. L. Whitcomb and
                   T. Jarrett and D. Mazilu and A. Stanimir and I.
                   Iordachita and J. Anderson and R. Taylor and L. R.
                   Kavoussi",
  Title          = "Motion-Based Robotic Instrument Targeting under C-Arm
                   Fluoroscopy",
  BookTitle      = "International Conference on Medical Image Computing
                   and Computer-Assisted Intervention MICCAI'2000",
  Series         = "Lecture Notes in Computer Science",
  Pages          = "988-998",
  Address        = "Cambridge, England",
  Publisher      = "Springer Verlag",
  year           = 2000,
}

@Article{Penney1998,
  Author         = "G. P. Penney and J. Weese and J. A. Little and P.
                   Desmedt and D. L. G. Hill and D. J. Hawkes",
  Title          = "A comparision of similarity measures for use in 2D-3D
                   Medical image registration",
  Journal        = "IEEE Transactions on Medical Imaging",
  Volume         = "17",
  Number         = "4",
  Pages          = "586-595",
  month          = "August",
  year           = 1998,
}

@Article{Pentland1991,
  Author         = "A. Pentland and S. Slaroff",
  Title          = "Closed-Form Solutions for Physically Based Shape
                   Modeling and Recognition",
  Journal        = "IEEE Transactions on Pattern Analysis and Machine
                   Intelligence",
  Volume         = "13",
  Number         = "7",
  Pages          = "715-729",
  month          = "July",
  year           = 1991,
}

@InProceedings{Pernozzoli,
  Author         = "A. Pernozzoli and C. Burghart and J. Brief and S.
                   Habfeld and J. Raczkowsky and J. Muhling and H Worn",
  Title          = "Clinical Evaluation of a Highly Accurate Algorithm for
                   CT Bone Contour Segmentatoin",
  BookTitle      = "Medicine Meets Virtual Reality 2000",
  Pages          = "246-252",
  Publisher      = "IOS Press",
  year           = 2000,
}

@Article{Perona1990,
  Author         = "P. Perona and J. Malik",
  Title          = "Scale-space and Edge Detection Using Anisotropic
                   Diffusion",
  Journal        = " IEEE Transactions on Pattern Analysis Machine
                   Intelligence",
  Volume         = "12",
  Pages          = "629--639",
  year           = 1990,
}

@Article{Pluim2000b,
  Author         = "J. P. Pluim and J. B. A. Maintz and M. A. Viergever",
  Title          = "Image {R}egistration by {M}aximization of {C}ombined
                   {M}utual {I}nformation and {G}radient {I}nformation",
  Journal        = "IEEE Transactions on Medical Imaging",
  Volume         = "19",
  Number         = "8",
  Pages          = "809",
  Note           = "814",
  month          = aug,
  year           = 2000,
}

@InProceedings{Pluim2000,
  Author         = "J. P. W. Pluim and J. B. A. Maintz and M. A. Viergever",
  Title          = "Image Registration by Maximization of Combined Mutual
                   Information and Gradient Information",
  BookTitle      = "International Conference on Medical Image Computing
                   and Computer-Assisted Intervention MICCAI'2000",
  Series         = "Lecture Notes in Computer Science",
  Pages          = "452-461",
  Address        = "Cambridge, England",
  Publisher      = "Springer Verlag",
  year           = 2000,
}

@Book{Poitout1987,
  Author         = "D. Poitout",
  Title          = "Biomecanique Orthopedique",
  Publisher      = "Masson",
  year           = 1987,
}

@InProceedings{Popovic1997,
  Author         = "J. Popovic and H. Hoppe",
  Title          = "Progressive Simplicial Complexes",
  BookTitle      = "Computer Graphics Proceedings, Annual Conferences
                   Series",
  Pages          = "217-224",
  year           = 1997,
}

@Book{Porteous1994,
  Author         = "I. R. Porteous",
  Title          = "Geometric Differentiation, for the intelligence of
                   curves and surfaces",
  Publisher      = "Cambridge University Press",
  year           = 1994,
}

@Book{Poston1978,
  Author         = "T. Poston and I.N. Stewart",
  Title          = "Catastrophe Theory and its Applications",
  Publisher      = "Pitman Publishing Limited",
  year           = 1978,
}

@Article{Pottman2000,
  Author         = "H. Pottman and B. Ravani",
  Title          = "Singularities of motions constrained by contacting
                   surfaces",
  Journal        = "Mechanism and Machine Theory",
  Pages          = "963-984",
  year           = 2000,
}

@TechReport{VisibleEmbryo,
  Author         = "Visible Embryo Project",
  Title          = "http://www.visembryo.com",
  Institution    = "MouseWorks",
  year           = 2000,
}

@Article{Qian1996,
  Author         = "R. J. Qian and T. S. Huang",
  Title          = "Optimal Edge Detection in Two-Dimensional Images",
  Journal        = "IEEE Transactions on Image Processing",
  Volume         = "5",
  Number         = "7",
  month          = "July",
  year           = 1996,
}

@Book{Reshetnyak1993,
  Author         = "Y. G. Reshetnyak",
  Title          = "Two Dimensional Manifolds of Bounded Curvature. Non
                   Regular Riemannian Geometry",
  Publisher      = "Springer Verlag",
  Volume         = "70",
  Series         = "Enciclopaedia of Mathematical Sciences",
  Note           = "Geometry IV",
  year           = 1993,
}

@PhdThesis{ReveillesThese,
  Author         = "J-P. Reveilles",
  Title          = "Geometrie discrete, calculs en nombres entiers et
                   algorithmique",
  School         = "Universite Louis Pasteur ",
  Address        = "Strasbourg",
  annote         = "Departement d'Informatique",
  year           = 1991,
}

@Article{Richardson1997b,
  Author         = "M.K. Richardson and J. Hanken and M.J. Gooneratne and
                   C. Pieau and A. Raynaud and L. Selwood and G.M. Wright",
  Title          = "There is no highly conserved embryonic stage in the
                   vertebrates: implications for current theories of
                   evolutions and development",
  Journal        = "Anat. Embryol.",
  Volume         = "196",
  Pages          = "91-106",
  year           = 1997,
}

@Article{Richardson1997,
  Author         = "M.K. Richardson and J. Hanken and L. Selwood and G.M.
                   Wright and R.J. Richards and C. Pieau and A. Raynaud",
  Title          = "Haeckel embryos, and evolution",
  Journal        = "Science",
  Volume         = "280",
  Pages          = "983-984",
  year           = 1997,
}

@Article{RimonBurdick1,
  Author         = "E. Rimon and J.W. Burdick",
  Title          = "Mobility of Bodies in Contact - Part 1: A 2nd-Order
                   Mobility Index for Multiplt-Finger Grasps",
  Journal        = "IEEE Transactions on Robotics and Automation",
  Volume         = "14",
  Number         = "5",
  Pages          = "696-708",
  month          = "October",
  year           = 1998,
}

@InProceedings{Roche1999,
  Author         = "A. Roche and G. Malandain and N. Ayache and S. Prima",
  Title          = "Towards a Better Comprehension of Similarity Measures
                   Used in Medical Image Registration",
  BookTitle      = "Conference on Medical Image Computing and
                   Computer-Assisted Intervention, MICCAI'99",
  Series         = "Lecture Notes in Computer Science",
  Pages          = "555-566",
  Publisher      = "Springer",
  month          = "September",
  year           = 1999,
}

@InProceedings{Rohr1999,
  Author         = "K. Rohr and M. Fornefett and H. S. Stiehl",
  Title          = "Approximating Thin-Plate Splines for Elastric
                   Registration: Integration of Landmark Errors and
                   Orientation Attributes",
  BookTitle      = "Information Processing in Medical Imaging 1999
                   (IPMI'99)",
  Editor         = "A. Kuba and M. Samal and A. Todd-Pkropek",
  Pages          = "252-265",
  Publisher      = "Springer",
  year           = 1999,
}

@InProceedings{Rolland1998,
  Author         = "Y. Rolland and J. Bezy-Wendling",
  Title          = "Relations entre Caracteristiques de texture et debit
                   sanguin en imagerie sectionnelle : interet d'un
                   mod\`{e}le vasculaire 3D",
  BookTitle      = "Actes 9eme Forum de Jeunes Chercheurs",
  Pages          = "106",
  Address        = "Brest",
  month          = "Mai",
  year           = 1998,
}

@Book{Roman1992,
  Author         = "S. Roman",
  Title          = "Coding and Information Theory",
  Publisher      = "Springer Verlag",
  Series         = "Graduate Texts in Mathematics",
  year           = 1992,
}

@InProceedings{Rosch2000,
  Author         = "P. Rosch and T. Netsch and M. Quist and G. P. Penney
                   and D. L. G. Hill adn J. Weese",
  Title          = "Robust 3D Deformation Field Estimation by Template
                   Propagation",
  BookTitle      = "International Conference on Medical Image Computing
                   and Computer-Assisted Intervention MICCAI'2000",
  Series         = "Lecture Notes in Computer Science",
  Pages          = "521-530",
  Address        = "Cambridge, England",
  Publisher      = "Springer Verlag",
  year           = 2000,
}

@Article{Rosenfeld119974,
  Author         = "A. Rosenfeld",
  Title          = "Digital Straight Line Segments",
  Journal        = "IEEE Trans. Comput. ",
  Volume         = "C-23",
  Pages          = "1264-1269",
  year           = 1974,
}

@Book{Rosenfeld1982,
  Author         = "A. Rosenfeld and A. Kak",
  Title          = "Digital Picture Processing",
  Publisher      = "Academic Press Inc.",
  year           = 1982,
}

@InProceedings{Eurographics1995,
  Author         = "G. Sakas and M. Grimm and A. Savapoulos",
  Title          = "Optimized Maximum Intensity Projection (MIP)",
  BookTitle      = "Proc. Eurographics Workshop",
  Editor         = "Springer Verlag",
  Pages          = "51-63",
  Address        = "Dublin, Ireland",
  month          = "June",
  year           = 1995,
}

@Article{Sapiro1996,
  Author         = "G. Sapiro and D. Ringach",
  Title          = "Anisotropic diffusion of multivalued images with
                   applications to color filtering",
  Journal        = "IEEE Trans. on Image Processing",
  Volume         = "5",
  Pages          = "1582--1586",
  year           = 1996,
}

@InProceedings{Scheepers1997,
  Author         = "F. Scheepers and R. E. Parent and W. E. Carlson",
  Title          = "Anatomy-Based Modeling of the Human Musculature",
  BookTitle      = "Computer Graphics Proceedings, Annual Conferences
                   Series",
  Pages          = "163-172",
  year           = 1997,
}

@Book{VTKBook,
  Author         = "W. Schroeder and K. Martin and B. Lorensen",
  Title          = "The Visualization Toolkit, An Object Oriented Approach
                   to 3D Graphics",
  Publisher      = "Prentice-Hall",
  year           = 1998,
}

@Article{Schroeder1992,
  Author         = "W. J. Schroeder and J. A. Zargem and W. E. Lorensen",
  Title          = "Decimation of Triangular Meshes",
  Journal        = "Computer Graphics",
  Volume         = "26",
  Number         = "2",
  Pages          = "65-70",
  year           = 1992,
}

@Book{Schwarzenbach,
  Author         = "D. Schwarzenbach",
  Title          = "Cristalographie",
  Publisher      = "Presses Polytechniques et Universitaires Romandes",
  year           = 1993,
}

@Manual{OpenGLSpecification,
  Title          = "The OpenGL Graphics System: A Specification (Version
                   1.2)",
  Author         = "M. Segal and K. Akeley",
  Address        = "http://www.opengl.org",
  year           = 1998,
  month          = "march",
}

@Book{Sempe,
  Author         = "M. Sempe and C. Pavia",
  Title          = "Atlas de la maturation squelettique",
  Publisher      = "Simep",
  year           = 1979,
}

@Book{Sempe2,
  Author         = "P. Sempe and M. Sempe",
  Title          = "Croissance et maturation osseuse",
  Publisher      = "Theraplix Printel",
  Address        = "Paris",
  year           = 1980,
}

@InProceedings{Seneschal2000,
  Author         = "J. Seneschal and E. Bullitt and L. Ibanez and S.
                   Mukherji and K. Smith",
  Title          = "3D Image Guided Spine Surgery",
  BookTitle      = "Annual Research Review",
  Pages          = "25",
  Organization   = "Department of Radiology, University of North Carolina
                   at Chapel Hill",
  month          = "February",
  year           = 2000,
}

@Article{Sengupta1995,
  Author         = "S. Sengupta and S. C. Sahasrabudhe",
  Title          = "Scale Space Displacement of Zero-Crossing of
                   $\nabla^2G$ operated Images for Convex Bodies and
                   Convex Sets",
  Journal        = "Signal Processing",
  Volume         = "47",
  Pages          = "279-285",
  Note           = "Elsevier Science",
  year           = 1995,
}

@Book{Serra1982,
  Author         = "J. P. Serra",
  Title          = "Image Analysis and Mathematical Morphology",
  Publisher      = "Academic Press Inc.",
  year           = 1982,
}

@Book{ser82,
  Author         = "J. P. Serra",
  Title          = "Image Analysis and Mathematical Morphology",
  Publisher      = "Academic Press, New York",
  year           = 1982,
}

@Book{Sethian1996,
  Author         = {Sethian, J.A.},
  Title          = {Level {S}et {M}ethods and {F}ast {M}arching {M}ethods},
  Publisher      = {Cambridge University Press},
  year           = 1996,
}

@Article{Shen1986,
  Author         = "J. Shen and S. Castan",
  Title          = "An Optimal Linear Operator for Edge Detection",
  Journal        = "CVPR'86",
  Pages          = "109-114",
  year           = 1986,
}

@Article{ShubinAlberch,
  Author         = "N. Shubin and P. Alberch",
  Title          = "A Morphogenetic approach to the Origin and Basic
                   Organization of the Tetrapod Limb",
  Journal        = "Evolutionary Biology",
  Volume         = "20",
  Number         = "1",
  Pages          = "319-387",
  year           = 1986,
}

@Article{ShubinTabin,
  Author         = "N. Shubin and C. Tabin and S. Carroll",
  Title          = "Fossils, Genes and the Evolution of Animal Limbs",
  Journal        = "Nature",
  Volume         = "388",
  Pages          = "639",
  year           = 1997,
}

@InProceedings{Simon1997b,
  Author         = "D. A. Simon",
  Title          = "Intra-Operative Position Sensing and Tracking Devices",
  BookTitle      = "Proceedings of the First Joint CVRMed / MRCAS
                   Conference",
  Pages          = "62-64",
  year           = 1997,
  month          = "June",
}

@InProceedings{Simon1997,
  Author         = "D. A. Simon and T. Kanade",
  Title          = "Geometric Constraint Analysis and Synthesis: Methods
                   for Improving Shape-Based Registration Accuracy",
  BookTitle      = "Conference on Computer Vision, Virtual Reality and
                   Robotics in Medicine and Medical Robotics and
                   Computer-Assisted Surgery, CVRMed-MRCAS",
  Series         = "Lecture Notes in Computer Science",
  Pages          = "181-190",
  Publisher      = "Springer",
  month          = "March",
  year           = 1997,
}

@Article{UniformlySubdivSpace,
  Author         = "M. Slater",
  Title          = "Tracing a Ray Through Uniformly Subdivided
                   n-dimensional Space",
  Journal        = "The Visual Computer",
  Volume         = "9",
  Pages          = "39-46",
  year           = 1992,
}

@TechReport{MuPAD,
  Author         = "SciFace Software",
  Title          = "Multi Processing Algebra Data Tool",
  Institution    = "University of Paderborn",
  Address        = "http://www.distribution-uni.paderborn.de",
  year           = 1998,
}

@Article{Soucy1996,
  Author         = "M. Soucy and D. Laurendeau",
  Title          = "Multiresolution Surface Modeling Basen on Hierarchical
                   Triangulation",
  Journal        = "Computer Vision and Image Understanding",
  Volume         = "3",
  Number         = "1",
  Pages          = "1-14",
  month          = "January",
  year           = 1996,
}

@InProceedings{Stander1997,
  Author         = "B. T. Stander and J. C. Hart",
  Title          = "Guaranteeing the Topology of an Implicit Surface
                   Poligonization for Interactive Modeling",
  BookTitle      = "Computer Graphics Proceedings, Annual Conferences
                   Series ",
  Pages          = "279-286",
  year           = 1997,
}

@Article{Steger1998,
  Author         = "C. Steger",
  Title          = "An Unbiased Detector of Curvilinear Structures ",
  Journal        = "IEEE Trans. on Pattern Analysis and Machine
                   Intelligence",
  Volume         = "20",
  Number         = "2",
  Pages          = "113-125",
  year           = 1998,
}

@Book{Stevens1976,
  Author         = "P.S. Stevens",
  Title          = "Les Formes dans la Nature",
  Publisher      = "Seuil",
  year           = 1976,
}

@Article{DigitizationSchemes,
  Author         = "I. Stojmenovic and R. Tosic",
  Title          = "Digitization Schemes and the Recognition of Digital
                   Straight Lines, Hyperplanes, and Flats in Arbitrary
                   Dimensions",
  Journal        = "Contemporary Mathematics",
  Volume         = "119",
  Pages          = "197-212",
  year           = 1991,
}

@InProceedings{Szekely95,
  Author         = "G. Sz\'{e}kely and A. Kelemen and Ch. Brechbuhler and
                   G. Gerig",
  Title          = "Segmentation of 3D Objects from MRI Volume Data Using
                   Constrained Elastic Deformations of Flexible Fourier
                   Surface Models",
  BookTitle      = "Proceeding of Computer Vision, Virtual Reality and
                   Robotics in Medicine",
  Series         = "Lecture Notes in Computer Science",
  Pages          = "495-505",
  Address        = "Nice, France",
  Publisher      = "Springer Verlag",
  month          = "April",
  year           = 1995,
}

@Book{Lindeberg1994,
  Author         = "Lindeberg T.",
  Title          = "Scale-Space Theory in Computer Science",
  Publisher      = "Kluwer Academic Publishers",
  year           = 1994,
}

@InProceedings{Tang2000,
  Author         = "T. S. Y. Tang and R. E. Ellis and G. Fichtinger",
  Title          = "Fiducial Registration from a Single X-Ray Image: A New
                   Technique for Fluoroscopic Guidance and Radiotherapy",
  BookTitle      = "International Conference on Medical Image Computing
                   and Computer-Assisted Intervention MICCAI'2000",
  Series         = "Lecture Notes in Computer Science",
  Pages          = "502-511",
  Address        = "Cambridge, England",
  Publisher      = "Springer Verlag",
  year           = 2000,
}

@Article{Thirion1995,
  Author         = "J. Thirion and A. Gourdon",
  Title          = "Computing the Differential Characteristics of
                   Isointensity Surfaces",
  Journal        = "Computer Vision and Image Understanding",
  Volume         = "61",
  Number         = "2",
  Pages          = "190-202",
  month          = "March",
  year           = 1995,
}

@TechReport{Thirion1995b,
  Author         = {J. -P. Thirion},
  Title          = {Fast Non-Rigid Matching of {3D} Medical Image},
  Institution    = {Research Report RR-2547, Epidure Project, INRIA Sophia},
  year           = 1995,
  month          = "May",
}

@Article{Thirion1998,
  Author         = "J.-P. Thirion",
  Title          = "Image matching as a diffusion process: an analogy with
                   Maxwell's demons",
  Journal        = "Medical Image Analysis",
  Volume         = 2,
  Number         = 3,
  Pages          = "243-260",
  year           = 1998,
}

@Book{Thom1977,
  Author         = "R. Thom",
  Title          = "Stabilite Structurelle et Mofphogenese. Essai d'une
                   theorie generale des modeles",
  Publisher      = "InterEditions",
  Edition        = "Deuxieme",
  year           = 1977,
}

@Article{Tiede,
  Author         = "A. Tiede",
  Title          = "Investigation on Medical 3D-Rendering Algorithms",
  Journal        = "IEEE Computer Graphics and Applications",
  Volume         = "10",
  Number         = "2",
  Pages          = "41-53",
  year           = 1990,
}

@Book{Torrey,
  Author         = "T.W. Torrey",
  Title          = "Morphogenesis of the Vertebrates",
  Publisher      = "John Wiley and Sons, Inc.",
  Edition        = "Third",
  year           = 1971,
}

@Book{Trueta,
  Author         = "J. Trueta",
  Title          = "Studies of the Development and Decay of the Human
                   Frame",
  Publisher      = "Pitman Press",
  year           = 1968,
}

@Book{Tu1992,
  Author         = "P. Tu",
  Title          = "Dynamical Systems : Introduction with applications in
                   Economics and Biology",
  Publisher      = "Springer Verlag",
  year           = 1992,
}

@Article{Turk1992,
  Author         = "G. Turk",
  Title          = "Re-Tiling Polygonal Surfaces",
  Journal        = "Computer Graphics",
  Volume         = "26",
  Number         = "2",
  Pages          = "55-64",
  year           = 1992,
}

@Unpublished{Turk2000,
  Author         = "G. Turk and J. F. O'Brien",
  Title          = "Variational Implicit Surfaces",
  Note           = "Georgia Institute of Technology",
}

@Article{Udupa1996,
  Author         = "J. Udupa and S. Samarasekera",
  Title          = "Fuzzy Connectedness and Object Definition: Theory,
                   Algorithms, and Applications in Image Segmentation",
  Journal        = "Graphical Models and Image Processing",
  Volume         = "58",
  Number         = "3",
  Pages          = "246-261",
  year           = 1996,
}

@InProceedings{UdupaDGCI,
  Author         = "J. K. Udupa",
  Title          = "Digital Object Definition in 3D Imaging",
  BookTitle      = "6th International Workshop, Discrete Geometry for
                   Computer Imagery, DGCI'96",
  Series         = "Lecture Notes in Computer Science",
  Address        = "Lyon, France",
  Publisher      = "Springer Verlag",
  year           = 1996,
}

@Book{Udupa,
  Author         = "J. K. Udupa and G. T. Herman",
  Title          = "3-D Imaging in Medicine",
  Publisher      = "CRC Press",
  year           = 1989,
}

@InProceedings{Udupa2002,
  Author         = {Udupa, J. K. and Leblanc, V.R. and Schmidt, H. and
                   Imielinska, C. and Saha, K.P. and Grevera, G.J. and
                   Zhuge, Y. and Molholt, P. and Currie, L. and Jin, Y.},
  Title          = {A {M}ethodology for {E}valuating {I}mage
                   {S}egmentation {A}lgorithms},
  BookTitle      = {S{PIE} {M}edical {I}maging},
  Address        = {San Diego},
  year           = 2002,
}

@Book{Halftoning,
  Author         = "R. Ulichney",
  Title          = "Digital Halftoning",
  Publisher      = "MIT Press",
  Address        = "Cambridge MA",
  year           = 1987,
}

@InProceedings{Verdonck1998,
  Author         = "B. Verdonck and R. Nijlunsing and F. A. Gerritsen and
                   J. Cheung and D. J. Wever",
  Title          = "Computer Assisted Quantitative Analysis of Deformities
                   of the Human Spine",
  BookTitle      = "MICCAI'98 First International Conference on Medical
                   Image Computing and Computer-Assisted Intervention",
  Editor         = "W. M. Wells and A. Colchester and S. Delp",
  Series         = "Lecture Notes in Computer Science",
  Pages          = "822-831",
  Publisher      = "Springer Verlag",
  month          = "October",
  year           = 1998,
}

@Article{Viola1997,
  Author         = "P. Viola and W. M. {Wells III}",
  Title          = "Alignment by Maximization of Mutual Information",
  Journal        = "IJCV",
  Volume         = "24",
  Number         = "2",
  Pages          = "137-154",
  year           = 1997,
}

@Article{Viterbo,
  Author         = "E. Viterbo and E. Biglieri",
  Title          = "Computing the Voronoi Cell of a Lattice: the
                   diamond-cutting algorithm",
  Journal        = "IEEE Transactions on Information Theory",
  Volume         = "42",
  Number         = "1",
  month          = "January",
  year           = 1996,
}

@InProceedings{Vos2000,
  Author         = "F. M. Vos and J. Stoeckel and P. H. Vos and A. M.
                   Vossepoel",
  Title          = "Evaluation of an Automatic System for Simulator/Portal
                   Image Matching",
  BookTitle      = "International Conference on Medical Image Computing
                   and Computer-Assisted Intervention MICCAI'2000",
  Series         = "Lecture Notes in Computer Science",
  Pages          = "442-451",
  Address        = "Cambridge, England",
  Publisher      = "Springer Verlag",
  year           = 2000,
}

@Article{Wang1997b,
  Author         = "D. L. Wang and J. Liu and D. Z. Xiao",
  Title          = "Kinematic Differential Geometry of a Rigid Body in
                   Spatial Motion - II. A New Adjoint Approach and
                   Instantaneous Properties of a Line Trajectory in
                   Spatial Kinematics",
  Journal        = "Mech. Mach. Theory",
  Volume         = "32",
  Number         = "4",
  Pages          = "433-444",
  year           = 1997,
}

@Article{Wang1997c,
  Author         = "D. L. Wang and J. Liu and D. Z. Xiao",
  Title          = "Kineamtic Differential Geometry of a Rigid Body in
                   Spatial Motion - III. Distribution of Characteristic
                   Lines in the Moving Body in Spatial Motion",
  Journal        = "Mech. Mach. Theory",
  Volume         = "32",
  Number         = "4",
  Pages          = "445-457",
  year           = 1997,
}

@Article{Wang1997a,
  Author         = "D. L. Wang and J. Liu and D. Z. Xiao",
  Title          = "Kinematic Differential Geometry of a Rigid Body in
                   Spatial Motion - I. A New Adjoint Approach and
                   Instantaneous Properties of a Point Trajectory in
                   Spatial Kinematics",
  Journal        = "Mech. Mach. Theory",
  Volume         = "32",
  Number         = "4",
  Pages          = "419-432",
  year           = 1997,
}

@InProceedings{Warfield2000,
  Author         = "S. K. Warfield and A. Nabavi and T. Butz and K.
                   Tuncali and S. G. Silverman",
  Title          = "Intraoperative Segmentation and Nonrigid Registration
                   for Image Guided Therapy",
  BookTitle      = "International Conference on Medical Image Computing
                   and Computer-Assisted Intervention MICCAI'2000",
  Series         = "Lecture Notes in Computer Science",
  Pages          = "176-185",
  Address        = "Cambridge, England",
  Publisher      = "Springer Verlag",
  year           = 2000,
}

@Article{Warfield2000b,
  Author         = "Simon K. Warfield and Michael Kaus and Ferenc A.
                   Jolesz and Ron Kikinis",
  Title          = "Adaptive, Template Moderated, Spatially Varying
                   Statistical Classification",
  Journal        = "Medical Image Analysis",
  Volume         = "4",
  Number         = "1",
  Pages          = "43--45",
  year           = 2000,
}

@Book{Webb1988,
  Author         = "S. Webb",
  Title          = "The Physics of Medical Imaging",
  Publisher      = "IOP Publishing Ltd.",
  year           = 1988,
}

@InProceedings{Weese1997,
  Author         = "J. Weese and T. M. Buzug and C. Lorenz and C.
                   Fassnacht",
  Title          = "An Approach to 2D/3D Registration of a Vertebra in 2D
                   X-Ray Fluoroscopies with 3D CT-Images",
  BookTitle      = "Conference on Computer Vision, Virtual Reality and
                   Robotics in Medicine and Medical Robotics and
                   Computer-Assisted Surgery, CVRMed-MRCAS",
  Series         = "Lecture Notes in Computer Science",
  Pages          = "119-128",
  Publisher      = "Springer",
  month          = "March",
  year           = 1997,
}

@Article{Weese1998,
  Author         = "J. Weese and T. M. Buzug and G. P. Penney and P.
                   Desmedt",
  Title          = "2D/3D Registration and Motion Tracking for Surgical
                   Interventions",
  Journal        = "Philips Journal of Research",
  Volume         = "51",
  Number         = "2",
  Pages          = "299-316",
  year           = 1998,
}

@InProceedings{Weickert1996,
  Author         = "J. Weickert and B.M. ter Haar Romeny and M.A.
                   Viergever",
  Title          = "Conservative image transformations with restoration
                   and scale-space properties",
  BookTitle      = "Proc. 1996 IEEE International Conference on Image
                   Processing (ICIP-96, Lausanne, Sept. 16-19, 1996)",
  Pages          = "465-468",
  year           = 1996,
}

@InCollection{Weinans,
  Author         = "H. Weinans and D. Summer",
  Title          = "Finite Element Analyes to Study Periprosthetic Bone
                   Adaptation",
  BookTitle      = "Bone Research in Biomechanics",
  Publisher      = "IOS Press",
  Editor         = "G. Lowet and P. Ruegsegger and H. Weinans and A.
                   Meunier",
  Pages          = "3-16",
  year           = 1997,
}

@TechReport{Wells1997,
  Author         = "J. Wells and P. Nelson",
  Title          = "Homology, a Concept in Crisis",
  Institution    = "Access Research Network, Colorado Springs",
  year           = 1997,
}

@InProceedings{West1999,
  Author         = "J. B. West and J. M. Fitzpatrick",
  Title          = "The Distribution of Target Registration Error in
                   Rigid-Body, Point-Based Registration",
  BookTitle      = "Information Processing in Medical Imaging 1999
                   (IPMI'99)",
  Editor         = "A. Kuba and M. Samal and A. Todd-Pkropek",
  Pages          = "460-465",
  Publisher      = "Springer",
  year           = 1999,
}

@InBook{Whitaker1994,
  Author         = "R. T. Whitaker and G. Gerig",
  Title          = "Vector-Valued Diffusion",
  Pages          = {93-134},
  Publisher      = "Kluwer Academic Publishers",
  year           = 1994,
  booktitle      = "Geometry-Driven Diffusion in Computer Vision",
}

@InProceedings{Whitaker2001,
  Author         = {R. T. Whitaker and X. Xue},
  Title          = {Variable-{C}onductance, {L}evel-{S}et {C}urvature for
                   {I}mage {P}rocessing},
  BookTitle      = {International {C}onference on {I}mage {P}rocessing},
  Organization   = {IEEE},
  year           = 2001,
}

@Article{Whitaker1998b,
  Author         = "Ross T. Whitaker",
  Title          = "A Level-Set Approach to 3{D} Reconstruction From Range
                   Data",
  Journal        = "International Journal of Computer Vision",
  Volume         = "29",
  Number         = "3",
  Pages          = "203--231",
  year           = 1998,
}

@InProceedings{Whitaker1993d,
  Author         = "Ross T. Whitaker",
  Title          = "Characterizing first and second order patches using
                   geometry-limited diffusion",
  BookTitle      = "Information Processing in Medical Imaging 1993
                   (IPMI'93)",
  Pages          = "149--167",
  year           = 1993,
}

@InProceedings{Whitaker1994b,
  Author         = "Ross T. Whitaker",
  Title          = "Volumetric Deformable Models: Active Blobs",
  BookTitle      = "Visualization In Biomedical Computing 1994",
  Editor         = "Richard A. Robb",
  Pages          = "122--134",
  Address        = "Mayo Clinic, Rochester, Minnesota",
  Publisher      = "SPIE",
  year           = 1994,
}

@InProceedings{Whitaker1995,
  Author         = "Ross T. Whitaker",
  Title          = "Algorithms for Implicit Deformable Models",
  BookTitle      = "Fifth International Conference on Computer Vision",
  Pages          = "",
  Organization   = "IEEE",
  Publisher      = "IEEE Computer Society Press",
  year           = 1995,
}

@PhdThesis{Whitaker-thesis,
  Author         = "Ross T. Whitaker",
  Title          = "Geometry-Limited Diffusion",
  School         = "The University of North Carolina",
  Address        = "Chapel Hill, North Carolina 27599-3175",
  Note           = " ",
  year           = 1993,
}

@Article{Whitaker1993b,
  Author         = "Ross T. Whitaker",
  Title          = "Geometry-limited diffusion in the characterization of
                   geometric patches in images",
  Journal        = cvgip-iu,
  Volume         = "57",
  Number         = "1",
  Pages          = "111--120",
  Note           = " ",
  month          = "January",
  year           = 1993,
}

@InProceedings{Whitaker1993c,
  Author         = "Ross T. Whitaker and Stephen M. Pizer",
  Title          = "Geometry-based image segmentation using anisotropic
                   diffusion",
  BookTitle      = "Shape in Picture: The mathematical description of
                   shape in greylevel images",
  Editor         = "Ying-Lie O and A. Toet and H.J.A.M Heijmans and D.H.
                   Foster and P. Meer",
  Volume         = "",
  Pages          = " ",
  Publisher      = "Springer Verlag, Heidelberg",
  Note           = "",
  year           = 1993,
}

@Article{Whitaker1993,
  Author         = "Ross T. Whitaker and Stephen M. Pizer",
  Title          = "A multi-scale approach to nonuniform diffusion",
  Journal        = cvgip-iu,
  Volume         = "57",
  Number         = "1",
  Pages          = "99--110",
  Note           = " ",
  month          = "January",
  year           = 1993,
}

@InProceedings{Wilhelms1997,
  Author         = "J. Wilhelms and A. Van Gelder",
  Title          = "Anatomically Based Modeling",
  BookTitle      = "Computer Graphics Proceedings, Annual Conferences
                   Series",
  Pages          = "173-180",
  year           = 1997,
}

@Book{Wolff1892,
  Author         = "J. Wolff",
  Title          = "The Law of Bone Remodelling",
  Publisher      = "Springer-Verlag",
  year           = 1986,
}

@Book{OpenGLGuide,
  Author         = "M. Woo and J. Neider and T. Davis",
  Title          = "OpenGL Programming Guide: the Official Guide to
                   Learning OpenGL",
  Publisher      = "Addison Wesley",
  Edition        = "second",
  year           = 1997,
}

@Book{Wright1993,
  Author         = "V. Wright and E.L. Radin",
  Title          = "Mechanics of Human Joints",
  Publisher      = "Marcel Dekker, Inc.",
  year           = 1993,
}

@Article{Xia1997,
  Author         = "J. C. Xia and J. Sana and A. Varshney",
  Title          = "Adaptive Real-Time Level-of-Detail-Based Rendering for
                   Polygonal Models",
  Journal        = "IEEE Transactions on Visualization and Computer
                   Graphics",
  Volume         = "3",
  Number         = "2",
  Pages          = "171",
  month          = "April-June",
  year           = 1997,
}

@Article{Yang1997,
  Author         = "L. Yang and R. Albregtsen and T. Taxt",
  Title          = "Fast Computation of Three-Dimensional Geometric
                   Moments Using a Discrete Divergence Theorem and a
                   Generalization to Higher Dimensions",
  Journal        = "Graphical Models and Image Processing",
  Volume         = "59",
  Number         = "2",
  Pages          = "97-108",
  month          = "March",
  year           = 1997,
}

@InProceedings{Yao2000,
  Author         = "J. Yao and R. Taylor",
  Title          = "Tetrahedral Mesh Modeling of Density Data for
                   Anatomical Atlases and Intensity-Based Registration",
  BookTitle      = "International Conference on Medical Image Computing
                   and Computer-Assisted Intervention MICCAI'2000",
  Series         = "Lecture Notes in Computer Science",
  Pages          = "531-540",
  Address        = "Cambridge, England",
  Publisher      = "Springer Verlag",
  year           = 2000,
}

@InProceedings{Yoo2000,
  Author         = "T. S. Yoo and M. J. Ackerman and M. Vannier",
  Title          = "Toward a Common Validation Methodology for
                   Segmentation and Registration Algorithms",
  BookTitle      = "International Conference on Medical Image Computing
                   and Computer-Assisted Intervention MICCAI'2000",
  Series         = "Lecture Notes in Computer Science",
  Pages          = "422-431",
  Address        = "Cambridge, England",
  Publisher      = "Springer Verlag",
  year           = 2000,
}

@Article{Yoo1992,
  Author         = "T.S. Yoo and U. Neumann and H. Fuchs and S.M. Pizer
                   and T. Cullip and J. Rhoades and R.T. Whitaker",
  Title          = "Direct visualization of volume data",
  Journal        = "IEEE Computer Graphics and Applications",
  Volume         = "12",
  Number         = "4",
  Pages          = "63--71",
  Note           = " ",
  year           = 1992,
}

@InProceedings{Yoo1991,
  Author         = "T.S. Yoo and S.M. Pizer and H. Fuchs and T. Cullip and
                   J. Rhoades and R. Whitaker",
  Title          = "Achieving direct volume visualization with interactive
                   semantic region selection",
  BookTitle      = "Information Processing in Medical Images",
  Publisher      = "Springer Verlag",
  year           = 1991,
}


@InProceedings{Yoo1993,
  Author         = "Terry S. Yoo and James M. Coggins",
  Title          = "Using Statistical Pattern Recognition Techniques to
                   Control Variable Conductance Diffusion",
  BookTitle      = "Information Processing in Medical Imaging 1993
                   (IPMI'93)",
  Pages          = "459--471",
  year           = 1993,
}

@Book{Zeeman1977,
  Author         = "E. Zeeman",
  Title          = "Catastrophe Theory: Selected Papers 1972-1977",
  Publisher      = "Addison-Wesley Advanced Book Program",
  year           = 1977,
}

@InProceedings{Zorin1997,
  Author         = "D. Zorin and P. Schroeder and W. Sweldens",
  Title          = "Interactive Multiresolution Mesh Editing",
  BookTitle      = "Computer Graphics Proceedings, Annual Conferences
                   Series",
  Pages          = "259-268",
}

@Book{Zatsiorsky1998,
  Author         = "V.M. Ztsiorsky",
  Title          = "Kinematics of Human Motion",
  Publisher      = "Human Kinetics",
  year           = 1998,
}

